% This file was created with JabRef 2.11b3.
% Encoding: UTF8


@InCollection{Gries07,
  Title                    = {Corpus-based methods and cognitive semantics: The many senses of to run},
  Author                   = {Gries, St.},
  Booktitle                = {Corpora in Cognitive Linguistics: Corpus-Based Approaches to Syntax and Lexis},
  Year                     = {2007},

  Crossref                 = {GS07},
  Owner                    = {user},
  Timestamp                = {2011.10.07}
}

@InCollection{Wulff07,
  Title                    = {Go-V vs. go-and-V in English: A case of synonymy},
  Author                   = {Wulff, Stefanie},
  Booktitle                = {Corpora in Cognitive Linguistics: Corpus-Based Approaches to Syntax and Lexis},
  Year                     = {2007},
  Pages                    = {101-126},

  Crossref                 = {GS07},
  Owner                    = {user},
  Timestamp                = {2011.10.07}
}

@InCollection{Bybee0006,
  Title                    = {Introduction Part I},
  Author                   = {Bybee},
  Booktitle                = {Frequency of Use and the Organization of Language},
  Year                     = {2006},

  Crossref                 = {Bybee06},
  Owner                    = {user},
  Timestamp                = {2011.10.07}
}

@InCollection{Bybee0106,
  Title                    = {Rules and Schemas in the Development and Use of the English Past Tense},
  Author                   = {Bybee, J. L. and Slobin, D. I.},
  Booktitle                = {Frequency of Use and the Organization of Language},
  Year                     = {2006},
  Pages                    = {101-126},

  Crossref                 = {Bybee06},
  Owner                    = {user},
  Timestamp                = {2011.10.07}
}

@InCollection{Bybee0206,
  Title                    = {The Effect of Usage on Degree of Constituency: The Reduction of Don't in English},
  Author                   = {Bybee, J. L. and Scheibman, J.},
  Booktitle                = {Frequency of Use and the Organization of Language},
  Year                     = {2006},

  Crossref                 = {Bybee06},
  Owner                    = {user},
  Timestamp                = {2011.10.07}
}

@Book{HoFS,
  Author                   = {{Handbook of French Semantics}},
  Editor                   = {Corblin, Francis and de Swart, Henri\"ette}
}

@Unpublished{RGPs09,
  Title                    = {An Improved Model of Semantic Similarity Based on Lexical Co-Occurrence},
  Author                   = {Rohde, D. L. T. and Gonnerman, L.M. and Plaut, D. C.},
  Note                     = {Submitted to Cognitive Science 2009, http://tedlab.mit.edu/~dr/},

  Owner                    = {user},
  Timestamp                = {2009.08.09}
}

@Unpublished{SchaeferSayatz2013de,
  Title                    = {{Die Kurzformen des Indefinitartikels im Deutschen}},
  Author                   = {Roland Schäfer and Ulrike Sayatz},
  Year                     = {2013, in Vorbereitung},

  Owner                    = {user},
  Timestamp                = {2012.08.08}
}

@Book{DWB,
  Title                    = {Deutsches W\"orterbuch},
  Author                   = {Jacob Grimm and Wilhelm Grimm},
  Publisher                = {S. Hirzel},
  Year                     = {1854-1960},

  Address                  = {Leipzig},

  Owner                    = {user},
  Timestamp                = {2009.03.12}
}

@Book{Podesva2014,
  Title                    = {Research methods in linguistics},
  Editor                   = {Robert J. Podesva and Devyani Sharma},
  Publisher                = {Cambridge University Press},
  Year                     = {2014},

  Address                  = {Cambridge},

  __markedentry            = {[user:]}
}

@Book{Schaefer2014,
  Title                    = {Einführung in die grammatische Beschreibung des Deutschen},
  Author                   = {Roland Schäfer},
  Year                     = {2014},
  Note                     = {submitted to LangSci Press},

  Owner                    = {user},
  Timestamp                = {2014.08.01}
}

@Article{Schaefer2014a,
  Title                    = {Corpus evidence for prototype-driven alternations: the case of German weak nouns},
  Author                   = {Roland Schäfer},
  Year                     = {2014},
  Note                     = {submitted},

  Owner                    = {user},
  Timestamp                = {2013.05.11}
}

@Article{Schaefer2014c,
  Title                    = {Nouns in the English, German, and Swedish Affective Lexicon},
  Author                   = {Roland Schäfer},
  Year                     = {2014},

  Owner                    = {user},
  Timestamp                = {2014.08.01}
}

@InCollection{SchuetzeSprouse2014,
  Title                    = {Judgment data},
  Author                   = {Sch{\"u}tze, Carson T and Sprouse, Jon},
  Booktitle                = {Research Methods in Linguistics},
  Publisher                = {Cambridge University Press},
  Year                     = {2014},

  Address                  = {Cambridge},
  Chapter                  = {3},
  Editor                   = {Robert J. Podesva and Devyani Sharma},
  Pages                    = {27--50},

  __markedentry            = {[user:6]},
  Journal                  = {Research methods in linguistics}
}

@Article{VanGoethemHiligsmann2014,
  Title                    = {When Two Paths Converge: Debonding and Clipping of Dutch 'Reuze'},
  Author                   = {Kristel Van Goethem and Philippe Hiligsmann},
  Journal                  = {Journal of Germanic Linguistics},
  Year                     = {2014},
  Number                   = {1},
  Pages                    = {31--64},
  Volume                   = {26},

  Owner                    = {user},
  Timestamp                = {2014.05.29}
}

@Book{Agresti2013,
  Title                    = {Categorical Data Analysis},
  Author                   = {Alan Agresti},
  Publisher                = {Wiley},
  Year                     = {2013},

  Address                  = {Hoboken},
  Edition                  = {3},

  Owner                    = {user},
  Timestamp                = {2013.12.11}
}

@Book{Chalmers2013,
  Title                    = {What is this thing called science},
  Author                   = {Alan Chalmers},
  Publisher                = {McGraw Hill},
  Year                     = {2013},

  Address                  = {Maidenhead},
  Edition                  = {4},

  Owner                    = {user},
  Timestamp                = {2014.04.21}
}

@Article{Chomsky2013,
  Title                    = {Problems of projection},
  Author                   = {Chomsky, Noam},
  Journal                  = {Lingua},
  Year                     = {2013},
  Pages                    = {33--49},
  Volume                   = {130},

  Owner                    = {user},
  Timestamp                = {2014.01.15}
}

@Article{CookBildhauer2013,
  Title                    = {Identifying “aboutness topics”: two annotation experiments},
  Author                   = {Philippa Cook and Felix Bildhauer},
  Journal                  = {Dialogue and Discourse},
  Year                     = {2013},
  Number                   = {2},
  Pages                    = {118-141},
  Volume                   = {4},

  Owner                    = {user},
  Timestamp                = {2014.07.07}
}

@Book{Eisenberg2013a,
  Title                    = {Grundriss der deutschen Grammatik: Das Wort},
  Author                   = {Peter Eisenberg},
  Editor                   = {Nanna Fuhrhop},
  Publisher                = {Metzler},
  Year                     = {2013},

  Address                  = {Stuttgart},
  Edition                  = {4},

  Owner                    = {user},
  Timestamp                = {2010.10.05}
}

@Book{Eisenberg2013b,
  Title                    = {Grundriss der deutschen Grammatik: Der Satz},
  Author                   = {Peter Eisenberg},
  Editor                   = {Rolf Thieroff},
  Publisher                = {Metzler},
  Year                     = {2013},

  Address                  = {Stuttgart},
  Edition                  = {4},

  Owner                    = {user},
  Timestamp                = {2010.10.05}
}

@Book{FahrmeierEa2013,
  Title                    = {Regression – Models, Methods, and Application},
  Author                   = {Ludwig Fahrmeir and Thomas Kneib and Stefan Lang and Brian Marx},
  Publisher                = {Springer},
  Year                     = {2013},

  Address                  = {Berlin etc.},

  Owner                    = {user},
  Timestamp                = {2014.05.28}
}

@Book{Gries2013,
  Title                    = {Statistics for Linguistics with R: A Practical Introduction},
  Author                   = {Stefan Th. Gries},
  Publisher                = {de Gruyter Mouton},
  Year                     = {2013},

  Address                  = {Berlin, New York},
  Edition                  = {2},

  Owner                    = {user},
  Timestamp                = {2015.06.08}
}

@Article{Mueller2013,
  Title                    = {Unifying Everything},
  Author                   = {Stefan M{\"u}ller},
  Journal                  = {Language},
  Year                     = {2013},
  Number                   = {4},
  Pages                    = {920--950},
  Volume                   = {89},

  Url                      = {http://hpsg.fu-berlin.de/~stefan/Pub/unifying-everything.html},
  Url_checked              = {02.03.2012}
}

@Article{Reis2013,
  Title                    = {"Weil-V2“-Sätze und (k)ein Ende? Anmerkungen zur Analyse von Antomo \& Steinbach},
  Author                   = {Marga Reis},
  Journal                  = {Zeitschrift für Sprachwissenschaft},
  Year                     = {2013},
  Number                   = {2},
  Pages                    = {221–262},
  Volume                   = {32},

  Owner                    = {user},
  Timestamp                = {2014.08.10}
}

@Manual{RZelig,
  Title                    = {Zelig: Everyone's Statistical Software},
  Author                   = {Matt Owen and Kosuke Imai and Gary King and Olivia Lau},
  Note                     = {R package version 4.2-1},
  Year                     = {2013},

  Url                      = {http://CRAN.R-project.org/package=Zelig}
}

@Article{SprouseEa2013,
  Title                    = {A comparison of informal and formal acceptability judgments using a random sample from Linguistic Inquiry 2001--2010},
  Author                   = {Sprouse, Jon and Sch{\"u}tze, Carson T and Almeida, Diogo},
  Journal                  = {Lingua},
  Year                     = {2013},
  Pages                    = {219--248},
  Volume                   = {134},
  Publisher                = {Elsevier}
}

@InCollection{Heusinger2012,
  Title                    = {Referentialität, Spezifizität und Diskursprominenz im Sprachvergleich am Beispiel von indefiniten Demonstrativpronomen.},
  Author                   = {Heusinger, Klaus von},
  Booktitle                = {Deutsch im Sprachvergleich -- Grammatische Kontraste und Konvergenzen. Jahrbuch des Instituts für Deutsche Sprache},
  Publisher                = {de Gruyter},
  Year                     = {2012},

  Address                  = {Berlin},
  Editor                   = {Gunkel, Lutz \& Zifonun, Gisela},
  Pages                    = {1--40},

  Owner                    = {user},
  Timestamp                = {2013.03.12}
}

@Article{Krischke2012,
  Title                    = {{Des Menschens Genitive} -- {Normabweichende Genitiv-Varianten bei schwachen Maskulina}},
  Author                   = {Krischke, Wolfgang},
  Journal                  = {Linguistik online},
  Year                     = {2012},
  Pages                    = {55--84},
  Volume                   = {53},

  Owner                    = {user},
  Timestamp                = {2013.03.09}
}

@Article{PerezMoreno2012,
  Title                    = {On the syntax ofexceptions. Evidence from Spanish},
  Author                   = {Isabel Pérez-Jiménez and Norberto Moreno-Quibén},
  Journal                  = {Lingua},
  Year                     = {2012},
  Number                   = {6},
  Pages                    = {582--607},
  Volume                   = {122},

  Owner                    = {user},
  Timestamp                = {2012.11.15}
}

@Article{SternefeldRichter2012,
  Title                    = {Wo stehen wir in der Grammatiktheorie? Bemerkungen anlässlich eines Buchs von Stefan Müller},
  Author                   = {Wolfgang Sternefeld and Frank Richter},
  Journal                  = {Zeitschrift f\"ur Sprachwissenschaft},
  Year                     = {2012},
  Number                   = {2},
  Pages                    = {263--291},
  Volume                   = {31},

  Owner                    = {user},
  Timestamp                = {2014.04.21}
}

@Book{Ternes2012,
  Title                    = {Einführung in die Phonologie},
  Author                   = {Ternes, Elmar},
  Publisher                = {Wissenschaftliche Buchgesellschaft},
  Year                     = {2012},

  Address                  = {Darmstadt},
  Edition                  = {3},

  Owner                    = {user},
  Timestamp                = {2012.11.04}
}

@InCollection{Ziegler2012,
  Title                    = {Merkel hat ’nen Neuen -- Die Kurzform nen -- ein Mündlichkeitsmarker par excellence},
  Author                   = {Ziegler, Evelyn},
  Booktitle                = {Andersschreiben. Formen, Funktionen, Traditionen},
  Publisher                = {Schmidt},
  Year                     = {2012},

  Address                  = {Bamberg},
  Editor                   = {Schuster, Britt-Marie and Tophinke, Doris},
  Pages                    = {295--316},

  Owner                    = {user},
  Timestamp                = {2013.03.12}
}

@Book{BackhausEa2011,
  Title                    = {Multivariate Analysemethoden},
  Author                   = {Klaus Backhaus and Bernd Erichson and Wulff Plinke and Rolf Weiber},
  Publisher                = {Springer},
  Year                     = {2011},

  Address                  = {Berlin etc.},
  Edition                  = {13},

  Owner                    = {user},
  Timestamp                = {2014.07.07}
}

@Article{Haider2011,
  Title                    = {Grammatische Illusionen -- Lokal wohlgeformt -- global deviant},
  Author                   = {Hubert Haider},
  Journal                  = {Zeitschrift f\"ur Sprachwissenschaft},
  Year                     = {2011},
  Number                   = {2},
  Pages                    = {223--257},
  Volume                   = {30},

  Owner                    = {user},
  Timestamp                = {2014.04.22}
}

@Book{Johnson2011,
  Title                    = {Quantitative methods in linguistics},
  Author                   = {Johnson, Keith},
  Publisher                = {John Wiley \& Sons},
  Year                     = {2011}
}

@Article{WeskottFanselow2011,
  Title                    = {On the Informativity of Different Measures of Linguistic Acceptability},
  Author                   = {Thomas Weskott and Gisbert Fanselow},
  Journal                  = {Language},
  Year                     = {2011},
  Pages                    = {249--273},
  Volume                   = {87},

  Owner                    = {user},
  Timestamp                = {2013.12.11}
}

@Article{Ziegler2011,
  Title                    = {Subsidente Normen und Sprachkompetenz: ihre Bedeutung für den Deutschunterricht},
  Author                   = {Ziegler, Evelyn},
  Journal                  = {Buelletin suisse de linguistique appliquee},
  Year                     = {2011},
  Pages                    = {69--85},
  Volume                   = {94},

  Owner                    = {user},
  Timestamp                = {2013.03.12}
}

@Article{AntomoSteinbach2010,
  Title                    = {Desintegration und Interpretation: Weil-V2-Sätze an der Schnittstelle zwischen Syntax, Semantik und Pragmatik},
  Author                   = {Mailin Antomo and Markus Steinbach},
  Journal                  = {Zeitschrift für Sprachwissenschaft},
  Year                     = {2010},
  Number                   = {1},
  Pages                    = {1–37},
  Volume                   = {29},

  Owner                    = {user},
  Timestamp                = {2014.08.10}
}

@Book{Booij2010,
  Title                    = {Construction Morphology},
  Author                   = {Booij, Geert},
  Publisher                = {OUP},
  Year                     = {2010},

  Address                  = {Oxford},

  Owner                    = {user},
  Timestamp                = {2013.03.10}
}

@InCollection{Frewald2010,
  Title                    = {Obwohl vielleicht war es ganz anders. Vorüberlegungen zum Alter der Verbzweitstellung nach subordinierenden Konjunktionen},
  Author                   = {Ulrike Freywald},
  Booktitle                = {Historische Textgrammatik und Historische Syntax des Deutschen},
  Publisher                = {De Gruyter},
  Year                     = {2010},

  Address                  = {Berlin},
  Editor                   = {Arne Ziegler},
  Pages                    = {45–84},

  Owner                    = {user},
  Timestamp                = {2014.08.10}
}

@Article{Gries2010,
  Title                    = {Corpus Linguistics and Theoretical Linguistics -- A Love-Hate Relationship? Not Necessarily},
  Author                   = {Gries, Stefan Thomas},
  Journal                  = {International Journal of Corpus Linguistics},
  Year                     = {2010},
  Number                   = {3},
  Pages                    = {327 -- 343},
  Volume                   = {15},

  Owner                    = {user},
  Timestamp                = {2012.08.26}
}

@InProceedings{JurgensStevens2010,
  Title                    = {The S-Space package: an open source package for word space models},
  Author                   = {Jurgens, David and Stevens, Keith},
  Booktitle                = {Proceedings of the ACL 2010 System Demonstrations},
  Year                     = {2010},
  Organization             = {Association for Computational Linguistics},
  Pages                    = {30--35}
}

@Book{Lindquist10,
  Title                    = {Corpus Linguistics and the Description of English},
  Author                   = {Hans Lindquist},
  Publisher                = {Edinburgh University Press},
  Year                     = {2010},

  Address                  = {Edinburgh},
  Note                     = {(FMAG 2010 A 129)},

  Owner                    = {user},
  Timestamp                = {2011.10.07}
}

@Book{Mueller2010,
  Title                    = {Grammatiktheorie},
  Author                   = {Müller, Stefan},
  Publisher                = {Staufenburg},
  Year                     = {2010},

  Owner                    = {user},
  Timestamp                = {2011.10.07},
  Url                      = {http://hpsg.fu-berlin.de/~stefan/Pub/grammatiktheorie.html}
}

@InCollection{Ronneberger2010,
  Title                    = {Der Numerus – das Genus – die Klammer : die Entstehung der deutschen Nominalklammer im innergermanischen Vergleich},
  Author                   = {Elke Ronneberger-Sibold},
  Booktitle                = {Kontrastive Germanistische Linguistik. Teilband 2},
  Publisher                = {Olms},
  Year                     = {2010},

  Address                  = {Hildesheim},
  Editor                   = {Dammel, Antje and Kürschner, Sebastian and Nübling, Damaris},
  Pages                    = {719--748},
  Series                   = {Germanistische Linguistik},
  Volume                   = {206/209},

  Owner                    = {user},
  Timestamp                = {2014.04.29}
}

@PhdThesis{Schaefer2010,
  Title                    = {Arguments and Adjuncts at the Syntax-Semantics Interface},
  Author                   = {Roland Schäfer},
  School                   = {Georg-August Universität},
  Year                     = {2010},

  Address                  = {Göttingen},
  Type                     = {Dissertation zur Erlangung des Doktorgrades (Dr. phil.) im Fach Englische Philologie},

  Url                      = {http://hdl.handle.net/11858/00-1735-0000-0006-AEDA-B}
}

@InCollection{Schmid2010,
  Title                    = {Does frequency in text instantiate entrenchment in the cognitive system?},
  Author                   = {Hans-Jörg Schmid},
  Booktitle                = {Quantitative methods in cognitive semantics: Corpus-driven approaches},
  Publisher                = {De Gruyter},
  Year                     = {2010},

  Address                  = {Berlin etc.},
  Editor                   = {Dylan Glynn and Kerstin Fischer},
  Pages                    = {101--133},

  Owner                    = {user},
  Timestamp                = {2012.08.26}
}

@Book{AC09,
  Title                    = {Exploring English with online corpora : an introduction},
  Author                   = {Wendy Anderson and John Corbett},
  Publisher                = {Palgrave},
  Year                     = {2009},

  Address                  = {Basingstoke etc.},
  Note                     = {(FMAG 2009 A 6742)},

  Owner                    = {user},
  Timestamp                = {2011.10.26}
}

@Book{FahrmeirEa2009,
  Title                    = {Regression -- Modelle, Methoden und Anwendungen},
  Author                   = {Ludwig Fahrmeir and Thomas Kneib and Stefan Lang},
  Publisher                = {Springer},
  Year                     = {2009},

  Address                  = {Heidelberg etc.},
  Edition                  = {2},

  Owner                    = {user},
  Timestamp                = {2013.03.10}
}

@Book{Szczepaniak2009,
  Title                    = {Grammatikalisierung im Deutschen. Eine Einführung},
  Author                   = {Szczepaniak, Renata},
  Publisher                = {Narr},
  Year                     = {2009},

  Owner                    = {user},
  Timestamp                = {2013.03.12}
}

@Book{ZuurEa2009,
  Title                    = {Mixed Effects Models and Extensions in Ecology with R},
  Author                   = {Zuur, Alain F. and Ieno, Elena N. and Walker, Neil and Saveliev, Anatoly A. and Smith, Graham M.},
  Publisher                = {Springer},
  Year                     = {2009},

  Address                  = {Berlin etc.},

  Owner                    = {user},
  Timestamp                = {2013.03.10}
}

@Book{Baayen2008,
  Title                    = {Analyzing Linguistic Data: A Practical Introduction to Statistics using {R}},
  Author                   = {R. Harald Baayen},
  Publisher                = {Cambridge University Press},
  Year                     = {2008},

  Address                  = {Cambridge},

  Owner                    = {user},
  Timestamp                = {2015.06.08}
}

@Book{BortzLienert2008,
  Title                    = {Kurzgefasste Statistik für die klinische Forschung},
  Author                   = {Jürgen Bortz and Gustav Lienert},
  Publisher                = {Springer},
  Year                     = {2008},

  Address                  = {Heidelberg},

  Owner                    = {user},
  Timestamp                = {2014.07.07}
}

@Book{Bredel2008,
  Title                    = {Die Interpunktion des Deutschen. Ein kompositionelles System zur Online-Steuerung des Lesens},
  Author                   = {Bredel, Ursula},
  Publisher                = {Niemeyer},
  Year                     = {2008},

  Address                  = {Tübingen},

  Owner                    = {user},
  Timestamp                = {2013.03.12}
}

@Article{Fuhrhop2008,
  Title                    = {Das graphematische Wort (im Deutschen). Eine erste Annäherung},
  Author                   = {Fuhrhop, Nanna},
  Journal                  = {Zeitschrift für Sprachwissenschaft},
  Year                     = {2008},
  Pages                    = {189--228},
  Volume                   = {29},

  Owner                    = {user},
  Timestamp                = {2013.03.12}
}

@Article{Gajewski2008,
  Title                    = {NPI any and connected exceptive phrases},
  Author                   = {Gajewski, Jon},
  Journal                  = {Natural Language Semantics},
  Year                     = {2008},
  Pages                    = {69--110},
  Volume                   = {16},

  Owner                    = {user},
  Timestamp                = {2012.11.15}
}

@Book{Gries2008a,
  Title                    = {Statistik für {S}prachwissenschaftler},
  Author                   = {Stefan Th. Gries},
  Publisher                = {Vandenhoeck \& Ruprecht},
  Year                     = {2008},

  Address                  = {Göttingen},

  Owner                    = {user},
  Timestamp                = {2011.10.26}
}

@Book{HindleySedlin2008,
  Title                    = {Lambda-Calculus and Combinators: An Introduction},
  Author                   = {J. Roger Hindley and Jonathan P. Seldin},
  Publisher                = {CUP},
  Year                     = {2008},

  Address                  = {Cambridge},

  Owner                    = {user},
  Timestamp                = {2012.03.30}
}

@Article{Jacobs08,
  Title                    = {Wozu Konstruktionen?},
  Author                   = {Jacobs, Joachim},
  Journal                  = {Linguistische Berichte},
  Year                     = {2008},
  Note                     = {Z 84 / 530},
  Pages                    = {3--44},
  Volume                   = {213},

  Owner                    = {user},
  Timestamp                = {2011.10.07}
}

@Book{Mueller08,
  Title                    = {Head-Driven Phrase Sturcture Grammar: Eine Einf\"uhrung},
  Author                   = {M\"uller, St.},
  Publisher                = {Stauffenburg},
  Year                     = {2008},

  Address                  = {T\"ubingen},
  Edition                  = {2},

  Owner                    = {user},
  Timestamp                = {2010.06.27}
}

@Book{Mukherjee08,
  Title                    = {Anglistische Korpuslinguistik},
  Author                   = {Mukherjee, Joybrato},
  Publisher                = {Erich Schmidt Verlag},
  Year                     = {2008},

  Address                  = {Berlin},
  Note                     = {(SP AQ 1425, set)},

  Owner                    = {user},
  Timestamp                = {2011.10.07}
}

@InProceedings{SahlgrenEa2008,
  Title                    = {Permutations as a Means to Encode Order in Word Space},
  Author                   = {Magnus Sahlgren and Anders Holst and Pentti Kanerva},
  Booktitle                = {Proceedings of the 30th Annual Conference of the Cognitive Science Society},
  Year                     = {2008},
  Pages                    = {1300--1305},

  Owner                    = {user},
  Timestamp                = {2014.01.14}
}

@Article{SchaeferIP01,
  Title                    = {Generalized {F}inite-{S}tate {OT}},
  Author                   = {Sch\"afer, Roland and Karg, Michael},
  Journal                  = {submitted},
  Year                     = {2008}
}

@InCollection{Bresnan-ea2007,
  Title                    = {Predicting the Dative Alternation},
  Author                   = {Joan Bresnan and Anna Cueni and Tatiana Nikitina and and Harald Baayen},
  Booktitle                = {Cognitive Foundations of Interpretation},
  Publisher                = {Royal Netherlands Academy of Science},
  Year                     = {2007},

  Address                  = {Amsterdam},
  Editor                   = {Gerlof Boume and Irene Kraemer and and Joost Zwarts},

  Journal                  = {Cognitive Foundations of Interpretation, ed. by G. Boume, I. Kraemer, and J. Zwarts. Amsterdam: Royal Netherlands Academy of Science, pp. 69--94},
  Owner                    = {user},
  Timestamp                = {2013.03.10}
}

@InCollection{Dennis2007,
  Title                    = {How to Use the LSA Web Site},
  Author                   = {Simon Dennis},
  Booktitle                = {Handbook of Latent Semantic Analysis},
  Publisher                = {Lawrence Erlbaum Associates},
  Year                     = {2007},

  Address                  = {Mahwah},
  Editor                   = {Thomas K. Landauer and Danielle S. McNamara and Simon Dennis and Walter Kintsch},
  Pages                    = {57--70},

  Owner                    = {user},
  Timestamp                = {2014.01.14}
}

@Book{GravetterWallnau2007,
  Title                    = {Statistics for the Behavioral Sciences},
  Author                   = {Frederick J. Gravetter and Larry B. Wallnau},
  Publisher                = {Thomson},
  Year                     = {2007},

  Address                  = {Belmont},
  Edition                  = {7},

  Owner                    = {user},
  Timestamp                = {2014.04.28}
}

@Book{GS07,
  Title                    = {Corpora in Cognitive Linguistics: Corpus-Based Approaches to Syntax and Lexis},
  Editor                   = {Gries, Stefan Th. and Stefanowitsch, Anatol},
  Publisher                = {de Gruyter},
  Year                     = {2007},

  Address                  = {Munich},
  Note                     = {(SprwSem 20.70 * 20.1 ; SDP K-2 8/153)},

  Owner                    = {user},
  Timestamp                = {2011.10.07}
}

@Article{Keydana07,
  Title                    = {Die indogermanische {P}erfektreduplikation},
  Author                   = {Keydana, G\"otz},
  Journal                  = {Folia Linguistica Historica},
  Year                     = {2007},
  Number                   = {1-2},
  Pages                    = {61-116},
  Volume                   = {27}
}

@Misc{KKS07,
  Title                    = {Minimale {C}onstraint-{S}ysteme und ihre {I}mplementierung mittels endlicher {A}utomaten},

  Author                   = {Karg, M. and Keydana, G. and Sch\"afer, R.},
  HowPublished             = {Vortrag auf NLK 08, Göttingen},
  Year                     = {2007}
}

@InCollection{Landauer2007,
  Title                    = {LSA as a theory of meaning},
  Author                   = {Landauer, Thomas K.},
  Booktitle                = {Handbook of Latent Semantic Analysis},
  Publisher                = {Erlbaum Associates},
  Year                     = {2007},

  Address                  = {Mahwah},
  Editor                   = {Thomas K. Landauer and Danielle S. McNamara and Simon Dennis and Walter Kintsch},
  Pages                    = {3--34},

  Owner                    = {user},
  Timestamp                = {2014.01.15}
}

@Book{Nerius2007,
  Title                    = {Deutsche Orthographie},
  Editor                   = {Nerius, Dieter},
  Publisher                = {Olms},
  Year                     = {2007},

  Address                  = {Hildesheim, Zürich, New York},
  Edition                  = {4},

  Owner                    = {user},
  Timestamp                = {2013.05.09}
}

@Misc{Partee07,
  Title                    = {Type theory and natural language: {D}o we need two basic types?},

  Author                   = {Partee, Barbara H.},
  HowPublished             = {Script for a talk held at 100th meeting of the Seminar, Moscow State University},
  Note                     = {http://people.umass.edu/partee [retrieved 2007/08/15]},
  Year                     = {2007}
}

@InCollection{SB07,
  Title                    = {Compositionality and systematicity},
  Author                   = {Spenader, Jennifer and Blutner, Reinhard},
  Booktitle                = {Cognitive {F}oundations of {I}nterpretation},
  Publisher                = {KNAW publications},
  Year                     = {2007},

  Address                  = {Amsterdam},
  Editor                   = {Bouma, G. and Kr\"amer, I. and Zwarts, J.}
}

@InProceedings{Schaefer2007,
  Title                    = {On frequency adjectives},
  Author                   = {Sch\"afer, Roland},
  Booktitle                = {Proceedings of {S}inn und {B}edeutung 11 (2006)},
  Year                     = {2007},

  Address                  = {Barcelona},
  Editor                   = {Estela Puig Waldmüller},
  Organization             = {Universitat Pompeu Fabra},
  Pages                    = {555-567}
}

@InCollection{Abbott,
  Title                    = {Definiteness and {I}ndefiniteness},
  Author                   = {Abbott, Barbara},
  Booktitle                = {Handbook of {P}ragmatics},
  Publisher                = {Blackwell},
  Year                     = {2006},
  Editor                   = {Horn, Laurence R. and Ward, Gregory},
  Pages                    = {122-49}
}

@Book{BdHH06,
  Title                    = {Optimal {C}ommunication},
  Author                   = {Blutner, Reinhard and de Hoop, Helen and Hendriks, Petra},
  Publisher                = {CSLI},
  Year                     = {2006},

  Address                  = {Stanford},
  Series                   = {Lecture Notes},
  Volume                   = {177}
}

@Book{Bybee06,
  Title                    = {Frequency of Use and the Organization of Language},
  Author                   = {Joan L. Bybee},
  Publisher                = {OUP},
  Year                     = {2006},

  Address                  = {Oxford},
  Note                     = {(SprwSem 30.10 * 123.2)},

  Owner                    = {user},
  Timestamp                = {2011.10.07}
}

@InCollection{Geyken2006,
  Title                    = {The {DWDS} Corpus: {A} Reference Corpus for the {German} Language of the {20th Century}},
  Author                   = {Alexander Geyken},
  Booktitle                = {Collocations and Idioms: Linguistic, Lexicographic, and Computational Aspects},
  Publisher                = {Continuum Press},
  Year                     = {2006},

  Address                  = {London},
  Editor                   = {Fellbaum, Christiane D.},

  Comment                  = {PAGES-MISSING},
  Owner                    = {user},
  Timestamp                = {2012.08.26}
}

@Book{Goldberg06,
  Title                    = {Constructions at Work: The Nature of Generalization in Language},
  Author                   = {Adele Goldberg},
  Publisher                = {OUP},
  Year                     = {2006},

  Address                  = {Oxford},

  Owner                    = {user},
  Timestamp                = {2011.10.07}
}

@PhdThesis{Gurevich2006,
  Title                    = {Constructional morphology: the Georgian version},
  Author                   = {Gurevich, Olga},
  School                   = {Stanford University},
  Year                     = {2006},

  Address                  = {Stanford},

  Owner                    = {user},
  Timestamp                = {2013.03.10}
}

@Article{HKvL06,
  Title                    = {There is no opposition between {F}ormal and {C}ognitive {S}emantics},
  Author                   = {Hamm, Fritz and Kamp, Hans and van Lambalgen, Michiel},
  Journal                  = {Theoretical Linguistics},
  Year                     = {2006},
  Number                   = {1},
  Pages                    = {1-40},
  Volume                   = {32}
}

@Unpublished{Karg06,
  Title                    = {Implementierung von optimalit\"atstheoretischen {C}onstraints mittels endlicher {A}utomaten},
  Author                   = {Karg, Michael},
  Note                     = {Unpublished term paper at G\"ottingen University},
  Year                     = {2006}
}

@InCollection{Krifka06,
  Title                    = {Basic notions of information structure},
  Author                   = {Krifka, Manfred},
  Booktitle                = {Notions of {I}nformation {S}tructure},
  Year                     = {2006},

  Address                  = {Potsdam},
  Editor                   = {F\'ery, C. and Fanselow, G. and Krifka, M.},
  Pages                    = {13-56},
  Series                   = {Interdisciplinary Studies on Information Structure},
  Volume                   = {06},

  Journal                  = {Interdisciplinary Studies on Information Structure}
}

@Article{LouwerseEa2006,
  Title                    = {Cognitively inspired NLP-based knowledge representations: further explorations of Latent Semantic Analysis},
  Author                   = {Louwerse, M. and Z. Cai and X. Hu and M. Ventura and P. Jeuniaux},
  Journal                  = {International Journal on Artificial Intelligence Tools},
  Year                     = {2006},
  Number                   = {6},
  Pages                    = {1021--1039},
  Volume                   = {15},

  Owner                    = {user},
  Timestamp                = {2014.01.15}
}

@Article{Mueller06,
  Title                    = {Phrasal or Lexical Constructions?},
  Author                   = {Müller, Stefan},
  Journal                  = {Language},
  Year                     = {2006},
  Number                   = {4},
  Pages                    = {850--883},
  Volume                   = {82},

  Owner                    = {user},
  Timestamp                = {2011.10.07},
  Url                      = {http://ezb.uni-regensburg.de/?2049436&bibid=SUBGO}
}

@Book{SG06,
  Title                    = {The {H}armonic {M}ind: {F}rom {N}eural {C}omputation to {O}ptimality-{T}heoretic {G}rammar (2 volumes)},
  Editor                   = {Smolensky, Paul and Legendre, G\'eraldine},
  Publisher                = {MIT Press},
  Year                     = {2006},

  Address                  = {Cambridge, MA}
}

@Article{Smolensky06,
  Title                    = {Harmony in {L}inguistic {C}ognition},
  Author                   = {Smolensky, Paul},
  Journal                  = {Cognitive Science},
  Year                     = {2006},
  Pages                    = {779-801},
  Volume                   = {30}
}

@Article{Stokhof06,
  Title                    = {The future of semantics?},
  Author                   = {Stokhof, Martin},
  Journal                  = {Theoretical Linguistics},
  Year                     = {2006},
  Number                   = {1},
  Pages                    = {91-100},
  Volume                   = {32}
}

@Article{SuzukiShimodaira2006,
  Title                    = {Pvclust: an R package for assessing the uncertainty in hierarchical clustering},
  Author                   = {Suzuki, Ryota and Shimodaira, Hidetoshi},
  Journal                  = {Bioinformatics},
  Year                     = {2006},
  Number                   = {12},
  Pages                    = {1540--1542},
  Volume                   = {22},

  Owner                    = {user},
  Publisher                = {Oxford Univ Press},
  Timestamp                = {2014.01.14}
}

@InCollection{Szabolcsi06,
  Title                    = {Strong vs. {W}eak {I}slands},
  Author                   = {Szabolcsi, Anna},
  Booktitle                = {Blackwell {C}ompanion to {S}yntax},
  Publisher                = {Blackwell},
  Year                     = {2006},

  Address                  = {Malden},
  Editor                   = {Everaert, M. and van Riemsdijk, H},
  Pages                    = {479-532},
  Volume                   = {4}
}

@InCollection{Tomasello06,
  Title                    = {Konstruktionsgrammatik und früher Erstspracherwerb},
  Author                   = {Tomasello, Michael},
  Booktitle                = {Konstruktionsgrammatik: Von der Anwendung zur Theorie},
  Publisher                = {Staufenburg},
  Year                     = {2006},

  Address                  = {Tübingen},
  Editor                   = {Fischer, Kerstin and Stefanowitsch, Anatol},
  Note                     = {(Fehlt in Göttingen; wird in Kopie gestellt.)},
  Pages                    = {19--37},

  Owner                    = {user},
  Timestamp                = {2011.10.07}
}

@Article{Vogel2006,
  Title                    = {Ich hab da nen kleines Problem! -- Zur neuen Kurzform des indefiniten Artikels im Deutschen},
  Author                   = {Vogel, Petra M.},
  Journal                  = {Zeitschrift für Dialektologie und Linguistik},
  Year                     = {2006},
  Number                   = {2},
  Pages                    = {176--193},
  Volume                   = {LXXIII},

  Owner                    = {user},
  Timestamp                = {2012.08.28}
}

@InCollection{Benz05,
  Title                    = {Utility and relevance of answers},
  Author                   = {Benz, Anton},
  Booktitle                = {Game {T}heory and {P}ragmatics},
  Publisher                = {Palgrave},
  Year                     = {2005},

  Address                  = {Houndmills},
  Editor                   = {Benz, Anton and J\"ager, Gerhard and van Rooij, Robert}
}

@InProceedings{BG05,
  Title                    = {Evaluative adverbs and underspecified semantic representations},
  Author                   = {Bonami, Olivier and Godard, Dani\`ele},
  Booktitle                = {Proceedings of the {ESSLLI}'05 {W}orkshop on {E}mpirical {C}hallenges and {A}nalytical {A}lternatives to {S}trict {C}ompositionality},
  Year                     = {2005},

  Address                  = {Edinburgh},
  Editor                   = {Richter, Frank and Sailer, Manfred},
  Organization             = {Heriot-Watt University},
  Pages                    = {59-78}
}

@Article{HayBaayen2005,
  Title                    = {Shifting paradigms: gradient structure in morphology},
  Author                   = {Jennifer B. Hay and R. Harald Baayen},
  Journal                  = {Trends in Cognitive Sciences},
  Year                     = {2005},
  Number                   = {7},
  Pages                    = {342--348},
  Volume                   = {9},

  Owner                    = {user},
  Timestamp                = {2013.03.10}
}

@InProceedings{HH05,
  Title                    = {Optimality {T}heory and human sentence processing: the case of coordination},
  Author                   = {Hoeks, John and Hendriks, Petra},
  Booktitle                = {Proceedings of the 27th {A}nnual {M}eeting of the {C}ognitive {S}cience {S}ociety},
  Year                     = {2005},

  Address                  = {Stresa},
  Editor                   = {Bara, Bruno G. and Barsalou, Lawrence W. and Bucciarelli, Monica}
}

@Book{HNG05,
  Title                    = {Understanding {M}inimalism},
  Author                   = {Hornstein, Norbert and Nunes, Jairo and Grohmann, Kleantes K.},
  Publisher                = {CUP},
  Year                     = {2005},

  Address                  = {Cambridge}
}

@Book{HvL05,
  Title                    = {The Proper Treatment of Events},
  Author                   = {M. van Lambalgen and F. Hamm},
  Publisher                = {Routledge},
  Year                     = {2005},

  Address                  = {London}
}

@Book{Jacobs2005,
  Title                    = {Spatien. Zum System der Getrennt- und Zusammenschreibung im heutigen Deutsch},
  Author                   = {Jacobs, Joachim},
  Publisher                = {de Gruyter},
  Year                     = {2005},

  Address                  = {Berlin},

  Owner                    = {user},
  Timestamp                = {2013.05.09}
}

@Book{JJ05,
  Title                    = {The {H}andbook {O}f {H}istorical {L}inguistics},
  Author                   = {Joseph, Brian D. and Janda, Richard D.},
  Publisher                = {Blackwell},
  Year                     = {2005},

  Address                  = {Malden}
}

@InCollection{JobSchaefer2005,
  Title                    = {Ossetic},
  Author                   = {Michael Job and Roland Schäfer},
  Booktitle                = {Encyclopedia of Language and Linguistics},
  Publisher                = {Elsevier},
  Year                     = {2005},

  Address                  = {Oxford},
  Edition                  = {2},
  Editor                   = {Keith Brown},
  Pages                    = {109--115},
  Volume                   = {10}
}

@Book{LH05,
  Title                    = {The {P}roper {T}reatment of {E}vents},
  Author                   = {Lambalgen, Michiel van and Hamm, Fritz},
  Publisher                = {Blackwell},
  Year                     = {2005},

  Address                  = {Malden, MA}
}

@InCollection{McCarthy05,
  Title                    = {Optimal paradigms},
  Author                   = {McCarthy, John},
  Booktitle                = {Paradigms in {P}honological {T}heory},
  Publisher                = {OUP},
  Year                     = {2005},
  Editor                   = {Downing, Laura and Hall, Tracy Alan and Raffelsiefen, Renate},
  Pages                    = {170-210}
}

@InCollection{Nuebling2005,
  Title                    = {Von in die über in’ne und ins bis im Die Klitisierung von Präposition und Artikel als Grammatikalisierungsbaustelle},
  Author                   = {Torsten Leuschner and Tanja Mortelmans and Sarah de Groodt},
  Booktitle                = {Grammatikalisierung im Deutschen},
  Publisher                = {de Gruyter},
  Year                     = {2005},

  Address                  = {Berlin},
  Pages                    = {105--131},

  Owner                    = {user},
  Timestamp                = {2013.05.09}
}

@Book{Pietroski05,
  Title                    = {Events and {S}emantic {A}rchitecture},
  Author                   = {Pietroski, Paul M.},
  Publisher                = {OUP},
  Year                     = {2005},

  Address                  = {New York}
}

@Book{Potts05,
  Title                    = {The {L}ogic of {C}onventional {I}mplicatures},
  Author                   = {Potts, Christopher},
  Publisher                = {OUP},
  Year                     = {2005},

  Address                  = {Oxford}
}

@InProceedings{Sahlgren2005,
  Title                    = {An introduction to {Random Indexing}},
  Author                   = {Magnus Sahlgren},
  Booktitle                = {Proceedings of the Methods and Applicatons of Semantic Indexing Workshop at the 7th International Conference on Terminology and Knowledge Engineering},
  Year                     = {2005},

  Address                  = {Copenhagen},

  Owner                    = {user},
  Timestamp                = {2014.01.14}
}

@Unpublished{Schaefer05,
  Title                    = {Minimal {C}onstraint {G}rammars},
  Author                   = {Sch\"afer, Roland},
  Note                     = {Talk held at D-UtK\"oMarSie, January 2005, Siegen University.},
  Year                     = {2005}
}

@Article{Scherer2005,
  Title                    = {What are emotions? And how can they be measured?},
  Author                   = {Scherer, K.R.},
  Journal                  = {Social Science Information},
  Year                     = {2005},
  Number                   = {4},
  Pages                    = {693--727},
  Volume                   = {44},

  Owner                    = {user},
  Timestamp                = {2012.08.26}
}

@Article{Tsui05,
  Title                    = {ESL Teachers’ Questions and Corpus Evidence},
  Author                   = {Amy B. M. Tsui},
  Journal                  = {International Journal of Corpus Linguistics},
  Year                     = {2005},
  Number                   = {3},
  Pages                    = {335--356},
  Volume                   = {10},

  Owner                    = {user},
  Timestamp                = {2011.10.26}
}

@InCollection{Uffmann05,
  Title                    = {Optimal {G}eometries},
  Author                   = {Uffmann, Christian},
  Booktitle                = {The {I}nternal {S}tructure of {P}honological {S}egments},
  Publisher                = {de Gruyter},
  Year                     = {2005},
  Editor                   = {van Oostendorp, Marc and van de Weijer, Jeroen},
  Pages                    = {27-62}
}

@Book{Verzani05,
  Title                    = {Using {R} for {I}ntroductory {S}tatistics},
  Author                   = {Verzani, John},
  Publisher                = {Chapman \& Hall},
  Year                     = {2005},

  Address                  = {Boca Raton}
}

@Book{BCR04,
  Title                    = {Corpus {L}inguistics: {I}nvestigating {L}anguage {S}tructure and {U}se},
  Author                   = {Biber, Douglas and Conrad, Susan and Reppen, Randi},
  Publisher                = {CUP},
  Year                     = {2004},

  Address                  = {Cambridge}
}

@InCollection{BGK04,
  Title                    = {Adverb {C}lassification},
  Author                   = {Bonami, Olivier and Godard, Dani\`ele and Kampers-Manhe, Brigitte},
  Booktitle                = {Handbook of {F}rench {S}emantics},
  Publisher                = {CSLI},
  Year                     = {2004},

  Address                  = {Stanford},
  Editor                   = {Corblin, Francis and de Swart, Henri\"ette},
  Pages                    = {1-42}
}

@InProceedings{BHdH04,
  Title                    = {A new hypothesis on compositionality},
  Author                   = {Blutner, Reinhard and Hendriks, Petra and de Hoop, Helen},
  Booktitle                = {Proceedings of the {J}oint {I}nternational {C}onference on {C}ognitive {S}cience},
  Year                     = {2004},

  Address                  = {Sydney},
  Editor                   = {Slezak, P. P.},
  Publisher                = {ICCS/ASCS}
}

@InCollection{BL04,
  Title                    = {Input-{O}utput {M}ismatches in {O}ptimality {T}heory},
  Author                   = {Beaver, David and Lee, Hanjung},
  Booktitle                = {Optimality {T}heory in {P}ragmatics},
  Publisher                = {Palgrave},
  Year                     = {2004},

  Address                  = {Houndmills},
  Editor                   = {Blutner, Reinhard and Zeevat, Henk},
  Pages                    = {112-53}
}

@InCollection{BZ04,
  Title                    = {Editor's introduction: pragmatics in {O}ptimality {T}heory},
  Author                   = {Blutner, Reinhard and Zeevat, Henk},
  Booktitle                = {Optimality {T}heory in {P}ragmatics},
  Publisher                = {Palgrave},
  Year                     = {2004},

  Address                  = {Houndmills},
  Editor                   = {Blutner, Reinhard and Zeevat, Henk},
  Pages                    = {1-24}
}

@Book{CdS04,
  Title                    = {Handbook of {F}rench {S}emantics},
  Editor                   = {Corblin, Francis and Swart, Henri\"ette de},
  Publisher                = {CSLI},
  Year                     = {2004},

  Address                  = {Stanford}
}

@PhdThesis{Engels04,
  Title                    = {Adverb {P}lacement: {A}n {O}ptimality-{T}heoretic {A}pproach},
  Author                   = {Engels, Eva},
  School                   = {Universit\"at Potsdam},
  Year                     = {2004}
}

@Article{GS04,
  Title                    = {Extending collostructional analysis. A corpus-based perspective on ‘alternations’},
  Author                   = {Stefan Th. Gries and Anatol Stefanowitsch},
  Journal                  = {International Journal of Corpus Linguistics},
  Year                     = {2004},
  Number                   = {1},
  Pages                    = {97--129},
  Volume                   = {9},

  Owner                    = {user},
  Timestamp                = {2012.08.26}
}

@InCollection{Laenzlinger04,
  Title                    = {A feature-based theory of adverb syntax},
  Author                   = {Laenzlinger, Christoph},
  Booktitle                = {Adverbials: {T}he {I}nterplay {B}etween {M}eaning, {C}ontext, and {S}yntactic {S}tructure},
  Publisher                = {Benjamins},
  Year                     = {2004},

  Address                  = {Amsterdam},
  Editor                   = {Austin, J. R. and Engelberg, St. and Rauh, Gisa},
  Pages                    = {205-52}
}

@Book{MaxwellDelaney2004,
  Title                    = {Designing experiments and analyzing data: a model comparison perspective},
  Author                   = {Scott E. Maxwell and Harold D. Delaney},
  Publisher                = {Taylor \& Francis},
  Year                     = {2004},

  Address                  = {Mahwa, New Jersey, London},

  Owner                    = {user},
  Timestamp                = {2014.04.21}
}

@Book{PS04,
  Title                    = {Optimality {T}heory: {C}onstraint {I}nteraction in {G}enerative {G}rammar},
  Author                   = {Prince, Alan S. and Smolensky, Paul},
  Publisher                = {Blackwell},
  Year                     = {2004},

  Address                  = {Malden}
}

@Book{RMcL04,
  Title                    = {Semantic {C}ognition: {A} {P}arallel {D}istributed {P}rocessing {A}pproach},
  Editor                   = {Rogers, Timothy T and McClelland, James L.},
  Publisher                = {MIT Press},
  Year                     = {2004}
}

@Misc{vanOostendorp04,
  Title                    = {The {T}heory of {F}aithfulness},

  Author                   = {Oostendorp, Marc van},
  HowPublished             = {ms. Meertens Institute, Amsterdam},
  Year                     = {2004}
}

@InCollection{Vogel04,
  Title                    = {Remarks on the architecture of {O}ptimality {T}heoretic syntax grammars},
  Author                   = {Vogel, Ralf},
  Booktitle                = {Optimality {T}heory in {P}ragmatics},
  Publisher                = {Palgrave},
  Year                     = {2004},

  Address                  = {Houndmills},
  Editor                   = {Blutner, Reinhard and Zeevat, Henk},
  Pages                    = {211-27}
}

@Book{AL03,
  Title                    = {{L}ogics of {C}onversation},
  Author                   = {Asher, Nicholas and Lascarides, Alex},
  Publisher                = {CUP},
  Year                     = {2003},

  Address                  = {Cambridge}
}

@Article{BB03,
  Title                    = {Computational {S}emantics},
  Author                   = {Blackburn, Patrick and Bos, Johan},
  Journal                  = {Theoria},
  Year                     = {2003},
  Number                   = {1},
  Pages                    = {27-45},
  Volume                   = {18}
}

@Book{Bittner2003,
  Title                    = {Von starken Feminina und schwachen Maskulina: Die neuhochdeutsche Substantivflexion - Eine Systemanalyse im Rahmen der natürlichen Morphologie},
  Author                   = {Dagmar Bittner},
  Publisher                = {Zentrum für Allgemeine Sprachwissenschaft},
  Year                     = {2003},

  Address                  = {Berlin},
  Series                   = {ZAS-Papers in Linguistics},
  Volume                   = {31},

  Owner                    = {user},
  Timestamp                = {2014.05.28}
}

@Article{Brems2003,
  Title                    = {Measure Noun construction: An instance of semantically-driven grammaticlization},
  Author                   = {Lieselotte Brems},
  Journal                  = {International Jounal of Corpus Linguistics},
  Year                     = {2003},
  Number                   = {2},
  Pages                    = {283--312},
  Volume                   = {8},

  Owner                    = {user},
  Timestamp                = {2013.04.29}
}

@Article{Buering03,
  Title                    = {On {D}-trees, beans, and {B}-accents},
  Author                   = {B\"uring, Daniel},
  Journal                  = {Linguistics \& Philosophy},
  Year                     = {2003},
  Number                   = {5},
  Pages                    = {511-45},
  Volume                   = {26}
}

@Article{Burri2003,
  Title                    = {Spontanschreibung im Chat},
  Author                   = {Burri, Gabriela},
  Journal                  = {Linguistik online},
  Year                     = {2003},
  Number                   = {3},
  Pages                    = {3--31},
  Volume                   = {15},

  Owner                    = {user},
  Timestamp                = {2013.03.12}
}

@Book{CM03,
  Title                    = {Programming in {P}rolog {U}sing the {ISO} {S}tandard},
  Author                   = {Clocksin, William F. and Mellish, Christopher S.},
  Publisher                = {Springer},
  Year                     = {2003},

  Address                  = {New York},
  Edition                  = {5}
}

@InCollection{Doelling03,
  Title                    = {Flexibility in adverbial modification},
  Author                   = {D\"olling, Johannes},
  Booktitle                = {Modifying {A}djuncts},
  Publisher                = {de Gruyter},
  Year                     = {2003},
  Editor                   = {Lang, Ewald and Maienborn, Claudia and Fabricius-Hansen, Cathrine}
}

@InCollection{Eckardt03,
  Title                    = {Manner adverbs and information structure: {E}vidence from the adverbial modification of verbs of creation},
  Author                   = {Eckardt, Regine},
  Year                     = {2003}
}

@Article{Featherston2003,
  Title                    = {Magnitude Estimation and what it can do for your syntax: some Wh-constraints in {German}},
  Author                   = {Sam Featherston},
  Journal                  = {Lingua},
  Year                     = {2003},
  Number                   = {11},
  Pages                    = {1525--1550},
  Volume                   = {115},

  Owner                    = {user},
  Timestamp                = {2013.12.11}
}

@Article{Gries03,
  Title                    = {Testing the sub-Test: an analysis of English -ic and -ical adjectives},
  Author                   = {Gries, S.},
  Journal                  = {International Journal of Corpus Linguistics},
  Year                     = {2003},
  Number                   = {1},
  Pages                    = {31-61},
  Volume                   = {8},

  Owner                    = {user},
  Timestamp                = {2011.10.26}
}

@Article{GS03,
  Title                    = {Collostructions: Investigating the interaction between words and constructions.},
  Author                   = {Stefanowitsch, Anatol and Gries, Stefan Th.},
  Journal                  = {International Journal of Corpus Linguistics},
  Year                     = {2003},
  Number                   = {2},
  Pages                    = {209--243},
  Volume                   = {8},

  Owner                    = {user},
  Timestamp                = {2011.10.07},
  Url                      = {http://ezb.uni-regensburg.de/?2029700&bibid=SUBGO}
}

@Book{Haskell98,
  Title                    = {Haskell 98 Language and Libraries},
  Editor                   = {Peyton Jones, S.},
  Publisher                = {CUP},
  Year                     = {2003},

  Address                  = {Cambridge, MA},

  Owner                    = {user},
  Timestamp                = {2009.03.03}
}

@Article{Jaeger03,
  Title                    = {Some notes on the formal properties of bidirectional optimality theory},
  Author                   = {J\"ager, G.},
  Journal                  = {Journal of Logic, Language, and Information},
  Year                     = {2003},
  Pages                    = {427-51},
  Volume                   = {11}
}

@Book{Joseph03,
  Title                    = {The {H}andbook of {H}istorical {L}inguistics},
  Editor                   = {Joseph, Brian D. and Janda, Richard D.},
  Publisher                = {Blackwell},
  Year                     = {2003},

  Address                  = {Malden}
}

@InCollection{Katz03,
  Title                    = {Event arguments, adverb selection, and the {S}tative {A}dverb {G}ap},
  Author                   = {Katz, Graham},
  Booktitle                = {Modifying {A}djuncts},
  Publisher                = {de Gryuter},
  Year                     = {2003},

  Address                  = {Berlin},
  Editor                   = {Lang, E. and Maienborn, Cl. and Fabricius-Hansen, Ch.},
  Pages                    = {455-74}
}

@Article{Kreyer03,
  Title                    = {Genitive and of-construction in modern written English. Processability and human involvement},
  Author                   = {Rolf Kreyer},
  Journal                  = {International Journal of Corpus Linguistics},
  Year                     = {2003},
  Number                   = {2},
  Pages                    = {169--207},
  Volume                   = {8},

  Owner                    = {user},
  Timestamp                = {2011.10.26}
}

@InProceedings{Levine03,
  Title                    = {Adjunct valents, cumulative scopings and impossible descriptions},
  Author                   = {Levine, Robert D.},
  Booktitle                = {Proceedings of the 9th {I}nternational {C}onference on {HPSG}},
  Year                     = {2003},

  Address                  = {Stanford},
  Editor                   = {Kim, Jong-Bok and Wechsler, Stephen},
  Pages                    = {209-32},
  Publisher                = {CSLI}
}

@InCollection{McCarthy03,
  Title                    = {Sympathy, cumulativity, and the {D}uke-of-{Y}ork gambit},
  Author                   = {McCarthy, John},
  Booktitle                = {The {O}ptimal {S}yllable},
  Publisher                = {CUP},
  Year                     = {2003},

  Address                  = {Cambridge},
  Editor                   = {F\'ery, Caroline and van de Vijver, Ruben},
  Pages                    = {23-76}
}

@Book{PBB03,
  Title                    = {Handbuch der Deutschen Konnektoren},
  Author                   = {Pasch, Renate and Brau{\ss}e, Ursula and Breindl, Eva},
  Publisher                = {de Gruyter},
  Year                     = {2003},

  Address                  = {Berlin}
}

@TechReport{sailer03,
  Title                    = {Combinatorial Semantics and Idiomatic Expressions in Head-Driven Phrase Structure Grammar},
  Author                   = {Sailer, Manfred},
  Institution              = {University of Tübingen},
  Year                     = {2003},

  Address                  = {Tübingen},
  Number                   = {161},
  Type                     = {Arbeitspapiere des SFB 340},

  Owner                    = {user},
  Timestamp                = {2010.05.28}
}

@Article{Sobin03,
  Title                    = {Negative {I}nversion as {N}onmovement},
  Author                   = {Sobin, Nicholas},
  Journal                  = {Syntax},
  Year                     = {2003},
  Number                   = {2},
  Pages                    = {183-212},
  Volume                   = {6}
}

@Book{SWB03,
  Title                    = {Syntactic {T}heory: {A} {F}ormal {I}ntroduction},
  Author                   = {Ivan A. Sag and Thomas Wasow and Emily M. Bender},
  Publisher                = {CSLI},
  Year                     = {2003},

  Address                  = {Stanford},
  Edition                  = {2}
}

@Article{Thieroff2003,
  Title                    = {{Die Bedienung des Automatens durch den Mensch. Deklination der schwachen Maskulina als Zweifelsfall}},
  Author                   = {Thieroff, Rolf},
  Journal                  = {Linguistik Online},
  Year                     = {2003},
  Number                   = {4},
  Pages                    = {105--117},
  Volume                   = {16},

  Owner                    = {user},
  Timestamp                = {2012.08.18}
}

@Manual{trale,
  Title                    = {TRALE Reference Manual},

  Address                  = {Toronto},
  Author                   = {Haji-Abdolhosseini, M. and Penn, G.},
  Organization             = {Dept. of Computer Science, University of Toronto},
  Year                     = {2003},

  Owner                    = {user},
  Timestamp                = {2010.06.30},
  Url                      = {http://www.ale.cs.toronto.edu/docs/}
}

@Article{Wulff03,
  Title                    = {A multifactorial corpus analysis of adjective order in English},
  Author                   = {Stefanie Wulff},
  Journal                  = {International Journal of Corpus Linguistics},
  Year                     = {2003},
  Number                   = {2},
  Pages                    = {245--282},
  Volume                   = {8},

  Abstract                 = {S. 276 Note on low accuracy if true alternation},
  Owner                    = {user},
  Timestamp                = {2011.10.26}
}

@Article{Zimmermann03,
  Title                    = {Pluractionality and {C}omplex {Q}uantifier {F}ormation},
  Author                   = {Zimmermann, Malte},
  Journal                  = {Natural Language Semantics},
  Year                     = {2003},
  Pages                    = {249-87},
  Volume                   = {11}
}

@InCollection{Bredel2002,
  Title                    = {The Dash in German},
  Author                   = {Bredel, Ursula},
  Booktitle                = {The relation of writing to spoken language},
  Publisher                = {Niemeyer},
  Year                     = {2002},

  Address                  = {Tübingen},
  Editor                   = {Neef, Martin and Neijt, Anneke and Sproad, Richard},
  Pages                    = {131--146},

  Owner                    = {user},
  Timestamp                = {2013.03.12}
}

@Book{Bussmann02,
  Title                    = {Lexikon der {S}prachwissenschaft},
  Author                   = {Bussmann, Hadumod},
  Publisher                = {Kr\"oner},
  Year                     = {2002},

  Address                  = {Stuttgart},
  Edition                  = {2}
}

@Book{Cambridge,
  Title                    = {The Cambridge Grammar of the English Language},
  Author                   = {Huddleston, R. and Pullum, G. K.},
  Publisher                = {CUP},
  Year                     = {2002},

  Address                  = {Cambridge},
  Note                     = {SP JA 1216 (Satz;Lehrbuchsammlung)},

  Owner                    = {user},
  Timestamp                = {2011.10.07}
}

@Book{Dehe02,
  Title                    = {Particle {V}erbs in {E}nglish: {S}yntax, {I}nformation {S}tructure, and {I}ntonation},
  Author                   = {Deh\'e, Nicole},
  Publisher                = {Benjamins},
  Year                     = {2002},

  Address                  = {Amsterdam}
}

@Article{Eckardt02,
  Title                    = {Event semantics},
  Author                   = {Eckardt, Regine},
  Journal                  = {Linguistische Berichte},
  Year                     = {2002},
  Pages                    = {91-127},
  Volume                   = {Sonderheft 10}
}

@Book{EP02,
  Title                    = {Theoretische {I}nformatik},
  Author                   = {Erk, Katrin and Priese, Lutz},
  Publisher                = {Springer},
  Year                     = {2002},

  Address                  = {Heidelberg},
  Edition                  = {2}
}

@Book{Grewendorf02,
  Title                    = {Minimalistische {S}yntax},
  Author                   = {G\"unther Grewendorf},
  Publisher                = {Francke},
  Year                     = {2002},

  Address                  = {T\"ubingen}
}

@Book{GS02,
  Title                    = {Interrogative {I}nvestigations: {T}he {F}orm, {M}eaning, and {U}se of {E}nglish {I}nterrogatives},
  Author                   = {Ginzburg, Jonathan and Sag, Ivan A.},
  Publisher                = {CSLI},
  Year                     = {2002},

  Address                  = {Stanford}
}

@InCollection{Haider02,
  Title                    = {Adverbials at the {S}yntax-{S}emantics {I}nterface},
  Author                   = {Haider, Hubert},
  Booktitle                = {How {W}e {S}ay {WHEN} {I}t {H}appens},
  Publisher                = {Niemeyer},
  Year                     = {2002},

  Address                  = {T\"ubingen},
  Editor                   = {Kamp, Hans and Reyle, Uwe}
}

@Article{KA02,
  Title                    = {Probabilistic learning algorithms and {O}ptimality {T}heory},
  Author                   = {Keller, Frank and Asudeh, Ash},
  Journal                  = {Linguistic Inquiry},
  Year                     = {2002},
  Number                   = {2},
  Pages                    = {225-44},
  Volume                   = {33}
}

@Book{KennethBurnham,
  Title                    = {Model selection and multimodel inference: A practical information-theoretic approach},
  Author                   = {Kenneth P. Anderson and David R. Burnham},
  Publisher                = {Springer},
  Year                     = {2002},

  Address                  = {Berlin},

  Owner                    = {user},
  Timestamp                = {2015.06.08}
}

@Book{McCarthy02,
  Title                    = {A {T}hematic {G}uide to {O}ptimality {T}heory},
  Author                   = {McCarthy, John},
  Publisher                = {CUP},
  Year                     = {2002},

  Address                  = {Cambridge}
}

@Book{Paolillo02,
  Title                    = {Analyzing {L}inguistic {V}ariation},
  Author                   = {Paolillo, John C.},
  Publisher                = {CSLI},
  Year                     = {2002},

  Address                  = {Stanford}
}

@Book{PP02,
  Title                    = {Formal {S}emantics: {T}he {E}ssential {R}eadings},
  Editor                   = {Partee, Barbara H. and Portner, Paul},
  Publisher                = {Blackwell},
  Year                     = {2002},

  Address                  = {Malden}
}

@MastersThesis{Schaefer02,
  Title                    = {Typologie des {W}andels von {K}onsonantenverbindungen},
  Author                   = {Sch\"afer, Roland},
  School                   = {Philipps-Universit\"at},
  Year                     = {2002},

  Address                  = {Marburg, Lahn},
  Type                     = {Master's thesis}
}

@InCollection{Tophinke2002,
  Title                    = {Schreiben gegen die Regel -- Formen und Funktionen orthografischer Abweichungen im Internet Relay Chat (IRC)},
  Author                   = {Tophinke, Doris},
  Booktitle                = {Sprache als Form -- Festschrift für Utz Maas zum 60. Geburtstag},
  Publisher                = {Westdeutscher Verlag},
  Year                     = {2002},

  Address                  = {Wiesbaden},
  Editor                   = {Bommes, Michael and Noack, Christina and Tophinke, Doris},
  Pages                    = {170--182},

  Owner                    = {user},
  Timestamp                = {2013.03.12}
}

@InCollection{BK01,
  Title                    = {Optionality and ineffability},
  Author                   = {Bakovic, Eric and Keer, Edward},
  Booktitle                = {Optimality-{T}heoretic {S}yntax},
  Publisher                = {MIT Press},
  Year                     = {2001},

  Address                  = {Cambridge, MA},
  Editor                   = {Legendre, G\'eraldine and Grimshaw, Jane and Vikner, Sten},
  Pages                    = {97-112}
}

@Article{BMS01,
  Title                    = {Satisfying constraints on extraction and adjunction},
  Author                   = {Bouma, Gosse and Malouf, Rob and Sag, Ivan},
  Journal                  = {Natural Language and Linguistic Theory},
  Year                     = {2001},
  Pages                    = {1-65},
  Volume                   = {9}
}

@PhdThesis{Bos01,
  Title                    = {Underspecification and {R}esolution in {D}iscourse {S}emantics},
  Author                   = {Bos, Johan},
  School                   = {Department of Computational Linguistics, University of the Saarland},
  Year                     = {2001},

  Address                  = {Stuttgart}
}

@Book{CC01,
  Title                    = {Connectionist {P}sycholinguistics},
  Editor                   = {Christiansen, Morten H. and Chater, Nick},
  Publisher                = {Ablex},
  Year                     = {2001},

  Address                  = {Westport}
}

@Article{CFPS01,
  Title                    = {Minimal recursion semantics: an introduction},
  Author                   = {Copestake, Ann and Flickinger, Dan and Pollard, Carl and Sag, Ivan A.},
  Journal                  = {Language and Computation},
  Year                     = {2001},
  Number                   = {3},
  Pages                    = {1-47},
  Volume                   = {1}
}

@InCollection{ChCh01b,
  Title                    = {Finite models of infinite language: a connectionist approach to recursion},
  Author                   = {Christiansen, Morten H. and Chater, Nick},
  Booktitle                = {Connectionist {P}sycholinguistics},
  Publisher                = {Ablex},
  Year                     = {2001},

  Address                  = {Westport},
  Editor                   = {Christiansen, Morten H. and Chater, Nick},
  Pages                    = {177-211}
}

@InCollection{Chomsky01,
  Title                    = {Derivation by phase},
  Author                   = {Chomsky, Noam},
  Booktitle                = {Ken {H}ale: {A} {L}ife in {L}anguage},
  Publisher                = {MIT Press},
  Year                     = {2001},

  Address                  = {Cambridge, MA},
  Editor                   = {Kenstowicz, Michael},
  Pages                    = {1-52}
}

@Article{EN01,
  Title                    = {Movement {O}perations after {S}yntax},
  Author                   = {Embick, D. and Noyer, R.},
  Journal                  = {Linguistic Inquiry},
  Year                     = {2001},
  Number                   = {4},
  Pages                    = {555-98},
  Volume                   = {32}
}

@Book{Ernst01,
  Title                    = {The {S}yntax of {A}djuncts},
  Author                   = {Ernst, Thomas B.},
  Publisher                = {CUP},
  Year                     = {2001},

  Address                  = {Cambridge}
}

@MastersThesis{Forsberg01,
  Title                    = {Finite {S}tate {T}ransducers in {H}askell},
  Author                   = {Forsberg, Markus},
  School                   = {University of Gothenburg},
  Year                     = {2001}
}

@Article{HdH01,
  Title                    = {Optimality {T}heoretic semantics},
  Author                   = {Hendriks, Petra and de Hoop, Helen},
  Journal                  = {Linguistics and Philosophy},
  Year                     = {2001},
  Pages                    = {1-32},
  Volume                   = {24}
}

@Book{Horn01,
  Title                    = {A {N}atural {H}istory of {N}egation},
  Author                   = {Horn, Laurence},
  Publisher                = {CSLI},
  Year                     = {2001},

  Address                  = {Stanford}
}

@Book{Kadmon01,
  Title                    = {Formal {P}ragmatics},
  Author                   = {Nirit Kadmon},
  Publisher                = {Blackwell},
  Year                     = {2001},

  Address                  = {Malden}
}

@Article{King-Zeng2001,
  Title                    = {Logistic Regression in Rare Events Data},
  Author                   = {King, G. and Zeng, L.},
  Journal                  = {Political Analysis},
  Year                     = {2001},
  Number                   = {2},
  Pages                    = {137--163},
  Volume                   = {9},

  Owner                    = {user},
  Timestamp                = {2012.08.28}
}

@Book{KMVG01,
  Title                    = {Dynamic {S}yntax: {T}he {F}low of {L}anguage {U}nderstanding},
  Author                   = {Kempson, Ruth and Meyer-Viol, Wilfried and Gabbay, Dov},
  Publisher                = {Backwell},
  Year                     = {2001},

  Address                  = {Oxford}
}

@InCollection{Legendre01,
  Title                    = {An introduction to {O}ptimality {T}heory in syntax},
  Author                   = {Legendre, G\'eraldine},
  Booktitle                = {Optimality-{T}heoretic {S}yntax},
  Publisher                = {MIT Press},
  Year                     = {2001},

  Address                  = {Cambridge, MA},
  Editor                   = {Legendre, G\'eraldine and Grimshaw, Jane and Vikner, Sten},
  Pages                    = {1-28}
}

@Book{LMFH01,
  Title                    = {Modifying {A}djuncts},
  Editor                   = {Lang, Ewald and Maienborn, Claudia and Fabricius-Hansen, Catharina},
  Publisher                = {de Gruyter},
  Year                     = {2001},

  Address                  = {Berlin}
}

@Article{Maienborn01,
  Title                    = {On the position and interpretation of locative modifiers},
  Author                   = {Maienborn, Claudia},
  Journal                  = {Natural Language Semantics},
  Year                     = {2001},
  Pages                    = {191-240},
  Volume                   = {9}
}

@InCollection{NCP01,
  Title                    = {Markedness, segment realization, and locality in spreading},
  Author                   = {Ni Chiosain, M. and Padgett, J.},
  Booktitle                = {Constraints and Representations: Segmental Phonology in Optimality Theory},
  Publisher                = {CUP},
  Year                     = {2001},

  Address                  = {Cambridge, MA},
  Editor                   = {Lombardi, L.},
  Pages                    = {118-56},

  Owner                    = {user},
  Timestamp                = {2009.03.03}
}

@InProceedings{Sahlgren01,
  Title                    = {Vector-based semantic analysis: Representing word meanings based on random labels},
  Author                   = {Sahlgren, M.},
  Booktitle                = {Proceedings of the ESSLLI 2001 Workshop on Semantic Knowledge Acquisition and Categorisation},
  Year                     = {2001},

  Comment                  = {LSA},
  Owner                    = {user},
  Timestamp                = {2009.08.09}
}

@InProceedings{Sahlgren2001,
  Title                    = {Vector-based semantic analysis: Representing word meanings based on random labels},
  Author                   = {Magnus Sahlgren},
  Booktitle                = {Proceedings of the ESSLLI 2001 Workshop on Semantic Knowledge Acquisition and Categorisation},
  Year                     = {2001},

  Address                  = {Helsinki},

  Owner                    = {user},
  Timestamp                = {2014.01.14}
}

@InCollection{SamekLodovici01,
  Title                    = {Crosslinguistic typologies in {O}ptimality {T}heory},
  Author                   = {Samek-Lodovici, Vieri},
  Booktitle                = {Optimality-{T}heoretic {S}yntax},
  Publisher                = {MIT Press},
  Year                     = {2001},

  Address                  = {Cambridge, MA},
  Editor                   = {Legendre, G\'eraldine and Grimshaw, Jane and Vikner, Jane},
  Pages                    = {315-53}
}

@InCollection{Smolensky01,
  Title                    = {Grammar-based connectionist approaches to language},
  Author                   = {Smolensky, Paul},
  Booktitle                = {Connectionist {P}sycholinguistics},
  Publisher                = {Ablex},
  Year                     = {2001},

  Address                  = {Westport},
  Editor                   = {Christiansen, Morten H. and Chater, Nick},
  Pages                    = {319-47}
}

@InProceedings{1036,
  Title                    = {Random indexing of text samples for latent semantic analysis},
  Author                   = {Kanerva, P. and Kristoferson, J. and Holst, A.},
  Booktitle                = {Proceedings of the 22nd Annual Conference of the Cognitive Science Society},
  Year                     = {2000},
  Editor                   = {Gleitman, L. R. and Josh, A. K.},

  Comment                  = {LSA},
  Owner                    = {user},
  Timestamp                = {2009.08.09}
}

@Article{AnttilaFong2000,
  Title                    = {The Partitive Constraint in Optimality Theory},
  Author                   = {Arto Anttila and Vivienne Fong},
  Journal                  = {Journal of Seman},
  Year                     = {2000},
  Number                   = {4},
  Pages                    = {281--314},
  Volume                   = {17},

  Owner                    = {user},
  Timestamp                = {2014.04.21}
}

@InProceedings{BL00,
  Title                    = {Gradual constraint-ranking learning algorithm predicts acquisition order},
  Author                   = {Boersma, Paul and Levelt, Clara},
  Booktitle                = {Proceedings of the 30th {C}hild {L}anguage {R}esearch {F}orum},
  Year                     = {2000},

  Address                  = {Stanford},
  Editor                   = {Clark, Eve V.},
  Pages                    = {229-37},
  Publisher                = {CSLI}
}

@Article{Blutner00,
  Title                    = {Some aspects of optimality in natural language interpretation},
  Author                   = {Blutner, Reinhard},
  Journal                  = {Journal of Semantics},
  Year                     = {2000},
  Pages                    = {189-216},
  Volume                   = {17}
}

@InCollection{Boersma00,
  Title                    = {Learning a grammar in {F}unctional {P}honology},
  Author                   = {Boersma, Paul},
  Booktitle                = {Optimality {T}heory: {P}honology, {S}yntax, and {A}cquisition},
  Publisher                = {OUP},
  Year                     = {2000},

  Address                  = {Oxford},
  Editor                   = {Dekkers, Jost and {van der Leeuw} and van de Weijer, Jeroen}
}

@InCollection{Bresnan00,
  Title                    = {Optimal syntax},
  Author                   = {Bresnan, Joan},
  Booktitle                = {Optimality {T}heory: {P}honology, {S}yntax, and {A}cquisition},
  Publisher                = {OUP},
  Year                     = {2000},

  Address                  = {Oxford},
  Editor                   = {Dekkers, Jost and van der Leeuw, Frank and van de Weijer, Jeroen},
  Pages                    = {334-85}
}

@Book{ChMcCG00,
  Title                    = {Meaning and {G}rammar: {A}n {I}ntroduction to {S}emantics},
  Author                   = {Gennaro Chierchia and Sally McConnell-Ginet},
  Publisher                = {MIT Press},
  Year                     = {2000},

  Address                  = {Cambridge, MA},
  Edition                  = {2}
}

@InCollection{Chomsky00,
  Title                    = {Minimalist {I}nquiries: {T}he {F}ramework},
  Author                   = {Chomsky, Noam},
  Booktitle                = {Step by {S}tep: {E}ssays in {H}onor of {H}oward {L}asnik},
  Publisher                = {MIT Press},
  Year                     = {2000},
  Editor                   = {Martin, Roger and Michaels, David and Uriagereka, Juan},
  Note                     = {Ms., MIT, Cambridge, MA},
  Pages                    = {89-155}
}

@InCollection{Clore-Ortony2000,
  Title                    = {Cognition in Emotion: Always, Sometimes, or Never?},
  Author                   = {Clore, Gerald and Ortony, Andrew},
  Booktitle                = {Cognitive Neuroscience of Emotion},
  Publisher                = {OUP},
  Year                     = {2000},

  Address                  = {New York},
  Editor                   = {Lane, Richard D. and Nadel, Lynn},
  Pages                    = {24--61},

  Owner                    = {user},
  Timestamp                = {2012.08.26}
}

@Book{DvdLvdW00,
  Title                    = {Optimality {T}heory: {P}honology, {S}yntax and {A}cquisition},
  Editor                   = {Dekkers, Jost and Leeuw, van der and Weijer, Jeroen van de},
  Publisher                = {OUP},
  Year                     = {2000},

  Address                  = {Oxford}
}

@InCollection{Ellison00,
  Title                    = {The universal constraint set: convention, not fact},
  Author                   = {Ellison, Mark T.},
  Booktitle                = {Optimality {T}heory: {P}honology, {S}yntax, and {A}cquisition},
  Publisher                = {OUP},
  Year                     = {2000},

  Address                  = {Oxford},
  Editor                   = {Dekkers, Jost and {van der Leeuw} and van de Weijer, Jeroen}
}

@InCollection{Frey00,
  Title                    = {\"{U}ber die syntaktische {P}osition der {S}atztopiks im {D}eutschen},
  Author                   = {Frey, Werner},
  Booktitle                = {Issues on {T}opics},
  Publisher                = {ZAS},
  Year                     = {2000},

  Address                  = {Berlin},
  Editor                   = {Schwabe, K. and Meinunger, A. and Gasde, D.},
  Pages                    = {137-72},
  Series                   = {ZAS Papers in Linguistics},
  Volume                   = {20},

  Journal                  = {ZAS Papers in Linguistics}
}

@InCollection{Frey00a,
  Title                    = {Syntactic requirements on adjuncts},
  Author                   = {Frey, Werner},
  Booktitle                = {Approaching the {G}rammar of {A}djuncts},
  Publisher                = {ZAS},
  Year                     = {2000},

  Address                  = {Berlin},
  Editor                   = {Fabricius-Hansen, C. and Lang, E. and Maienborn, C.},
  Pages                    = {107-34},
  Series                   = {ZAS Papers in Linguistics},
  Volume                   = {17}
}

@Book{Fromkin00,
  Title                    = {Linguistics: {A}n {I}ntroduction to {L}inguistic {T}heory},
  Author                   = {Fromkin, Victoria A.},
  Publisher                = {Blackwell},
  Year                     = {2000},

  Address                  = {Oxford}
}

@PhdThesis{Geuder00,
  Title                    = {Oriented {A}dverbs: {I}ssues in the lexical semantics of event adverbs},
  Author                   = {Geuder, Wilhelm},
  School                   = {Universit\"at T\"ubingen},
  Year                     = {2000}
}

@InCollection{Haegeman00,
  Title                    = {Negative preposing, negative inversion and the split {CP}},
  Author                   = {Haegeman, Liliane},
  Booktitle                = {Negation and {P}olarity: {S}yntactic and {S}emantic {P}erspectives},
  Publisher                = {OUP},
  Year                     = {2000},

  Address                  = {Oxford},
  Edition                  = {21-61},
  Editor                   = {Horn, L. and Kato, Y.}
}

@Article{Haider00,
  Title                    = {Adverb placement: convergence of structure and licensing},
  Author                   = {Haider, Hubert},
  Journal                  = {Theoretical Linguistics},
  Year                     = {2000},
  Pages                    = {95-134},
  Volume                   = {26}
}

@InCollection{Hayes00,
  Title                    = {Gradient well-formedness in {O}ptimality {T}heory},
  Author                   = {Hayes, Bruce},
  Booktitle                = {Optimality {T}heory: {P}honology, {S}yntax, and {A}cquisition},
  Publisher                = {OUP},
  Year                     = {2000},

  Address                  = {Oxford},
  Editor                   = {Dekkers, Jost and van der Leeuw, Frank and van de Weijer, Jeroen},
  Pages                    = {88-120}
}

@Misc{IZ00,
  Title                    = {Reduplication as morphological doubling},

  Author                   = {Inkelas, Sharon and Zoll, Cheryl},
  HowPublished             = {Ms., Rutger's Optimality Archive},
  Year                     = {2000}
}

@Book{Kathol00,
  Title                    = {Linear {S}yntax},
  Author                   = {Kathol, Andreas},
  Publisher                = {OUP},
  Year                     = {2000},

  Address                  = {Oxford}
}

@InCollection{Katz00,
  Title                    = {Anti neo-{D}avidsonianism},
  Author                   = {Katz, Graham},
  Booktitle                = {Events as {G}rammatical {O}bjects},
  Publisher                = {CSLI},
  Year                     = {2000},
  Editor                   = {Tenny, Carol and Pustejovsky, James},
  Pages                    = {393-414}
}

@Book{Kearns00,
  Title                    = {Semantics},
  Author                   = {Kearns, Kate},
  Publisher                = {Palgrave},
  Year                     = {2000},

  Address                  = {Houndmills}
}

@InCollection{Kiss00,
  Title                    = {Configurational and relational scope determination in {G}erman},
  Author                   = {Kiss, Tibor},
  Booktitle                = {Constraint-{B}ased {A}pproaches to {G}ermanic {S}yntax},
  Publisher                = {CSLI},
  Year                     = {2000},

  Address                  = {Stanford},
  Editor                   = {Kiss, T. and Meurers, D.},
  Pages                    = {141-76}
}

@Book{Ladefoged00,
  Title                    = {A {C}ourse in {P}honetics},
  Author                   = {Peter Ladefoged},
  Publisher                = {Thomson},
  Year                     = {2000},

  Address                  = {Stanford},
  Edition                  = {4}
}

@Book{Landman00,
  Title                    = {Events and {P}lurality},
  Author                   = {Landman, Fred},
  Publisher                = {Kluwer},
  Year                     = {2000},

  Address                  = {Dordrecht}
}

@Article{Pereira2000,
  Title                    = {Formal grammar and information theory: Together again?},
  Author                   = {Pereira, Fernando},
  Journal                  = {Philosophical Transactions of the Royal Society},
  Year                     = {2000},
  Number                   = {1769},
  Pages                    = {1239--1253},
  Volume                   = {358},

  Owner                    = {user},
  Timestamp                = {2011.11.08}
}

@Book{Pittner00,
  Title                    = {Adverbiale im {D}eutschen},
  Author                   = {Pittner, Karin},
  Publisher                = {Stauffenburg},
  Year                     = {2000},

  Address                  = {T\"ubingen}
}

@InCollection{PT00,
  Title                    = {Learning phonology: genetic algorithms and {Y}oruba tongue-root harmony},
  Author                   = {Pulleyblank, Douglas and Turkel, William J.},
  Booktitle                = {Optimality {T}heory: {P}honology, {S}yntax, and {A}cquisition},
  Publisher                = {OUP},
  Year                     = {2000},

  Address                  = {Oxford},
  Editor                   = {Dekkers, Jost and {van der Leeuw} and van de Weijer, Jeroen}
}

@InCollection{Tenny00,
  Title                    = {Core Events and Adverbial Modification},
  Author                   = {Tenny, Caroll L.},
  Booktitle                = {Events as {G}rammatical {O}bjects},
  Publisher                = {CSLI},
  Year                     = {2000},

  Address                  = {Stanford},
  Editor                   = {Tenny, Caroll L. and Pustejovsky, James},
  Pages                    = {285-334}
}

@InCollection{Tesar00,
  Title                    = {On the roles of optimality and strict domination in language learning},
  Author                   = {Tesar, Bruce},
  Booktitle                = {Optimality {T}heory: {P}honology, {S}yntax, and {A}cquisition},
  Publisher                = {OUP},
  Year                     = {2000},

  Address                  = {Oxford},
  Editor                   = {Dekkers, Jost and {van der Leeuw} and van de Weijer, Jeroen}
}

@Book{TP00,
  Title                    = {Events as {G}rammatical {O}bjects},
  Editor                   = {Tenny, Caroll L. and Pustejovsky, James},
  Publisher                = {CSLI},
  Year                     = {2000},

  Address                  = {Stanford}
}

@Book{TS00,
  Title                    = {Learnability in {O}ptimality {T}heory},
  Author                   = {Tesar, Bruce and Smolensky, Paul},
  Publisher                = {MIT Press},
  Year                     = {2000},

  Address                  = {Cambridge, MA}
}

@Book{Wiese00,
  Title                    = {The Phonology of German},
  Author                   = {Wiese, Richard},
  Publisher                = {Oxford University Press},
  Year                     = {2000},

  Address                  = {New York},
  Series                   = {The Phonology of the World's Languages},

  Owner                    = {user},
  Timestamp                = {2008.12.01}
}

@Article{Zeevat00,
  Title                    = {The asymmetry of optimality theoretic syntax and semantics},
  Author                   = {Zeevat, H.},
  Journal                  = {Journal of Semantics},
  Year                     = {2000},
  Pages                    = {243-62},
  Volume                   = {17}
}

@Misc{BB99u,
  Title                    = {{R}epresentation and {I}nference for {N}atural {L}anguage. {V}olume {II}. {W}orking with {D}iscourse {R}epresentation {S}tructures},

  Author                   = {Blackburn, Patrick and Bos, Johan},
  HowPublished             = {published online},
  Note                     = {http://www.cogsci.ed.ac.uk/\~{}jbos/comsem/},
  Year                     = {1999}
}

@Book{Biber1999,
  Title                    = {Longman Grammar of Spoken and Written English},
  Author                   = {Biber, D. and Johansson, Stig and Leech, G. and Conrad, S. and Finegan, E.},
  Publisher                = {Longman},
  Year                     = {1999},

  Address                  = {Essex},
  Note                     = {SP JA 1121 ; SprwSem 123.33 * c.a * 4.1},

  Owner                    = {user},
  Timestamp                = {2011.10.07}
}

@Book{Borsley99,
  Title                    = {Syntactic {T}heory: {A} {U}nified {A}pproach},
  Author                   = {Robert Borsley},
  Publisher                = {Arnold},
  Year                     = {1999},

  Address                  = {London},
  Edition                  = {2}
}

@Book{BS99,
  Title                    = {Truth},
  Editor                   = {Blackburn, Simon and Simmons, Keith},
  Publisher                = {OUP},
  Year                     = {1999},

  Address                  = {Oxford}
}

@Book{Chalmers99,
  Title                    = {What is this {T}hing {C}alled {S}cience},
  Author                   = {Alan F. Chalmers},
  Publisher                = {Hackett},
  Year                     = {1999},

  Address                  = {Indianapolis},
  Edition                  = {3}
}

@Book{Cinque99,
  Title                    = {Adverbs and {F}unctional {H}eads: {A} {C}ross-{L}inguistic {P}erspective},
  Author                   = {Cinque, Guglielmo},
  Publisher                = {OUP},
  Year                     = {1999},

  Address                  = {Oxford}
}

@InCollection{CK83,
  Title                    = {From: `{CV} {P}honology: a generative theory of the syllable' (1983)},
  Author                   = {G.N. Clements and S.J. Keyser},
  Booktitle                = {Phonological {T}heory: {T}he {E}ssential {R}eadings},
  Year                     = {1999},
  Editor                   = {John A. Goldsmith},
  Pages                    = {185-200}
}

@Article{Cohen99,
  Title                    = {Generics, frequency adverbs and probability},
  Author                   = {Cohen, A.},
  Journal                  = {Linguistics and Philosophy},
  Year                     = {1999},
  Pages                    = {221-53}
}

@Article{eSM99,
  Title                    = {Negation and the temporal structure of narrative discourse},
  Author                   = {Swart, Henri\"ette de and Moledijk, Arie},
  Journal                  = {Journal of Semantics},
  Year                     = {1999},
  Pages                    = {1-42},
  Volume                   = {16},

  Address                  = {New York},
  Publisher                = {Garland}
}

@Article{FK99,
  Title                    = {Grammatical Constructions and Linguistic Generalizations: the What’s X doing Y? Construction},
  Author                   = {Kay, Paul and Fillmore, Charles J.},
  Journal                  = {Language},
  Year                     = {1999},
  Number                   = {1},
  Pages                    = {1--33},
  Volume                   = {75},

  Owner                    = {user},
  Timestamp                = {2011.10.07},
  Url                      = {http://ezb.uni-regensburg.de/?2049436&bibid=SUBGO}
}

@InCollection{FP99,
  Title                    = {Adverbialpositionen im deutsch-englischen {V}ergleich},
  Author                   = {Frey, Werner and Pittner, Karin},
  Booktitle                = {Sprachspezifische {A}spekte der {I}nformationsverteilung},
  Publisher                = {Akademie-Verlag},
  Year                     = {1999},

  Address                  = {Berlin},
  Editor                   = {Doherty, Monika},
  Pages                    = {14-41},
  Series                   = {studia grammatica}
}

@Article{GohlGuenthner1999,
  Title                    = {Grammatikalisierung von weil als Diskursmarker in der gesprochenen Sprache},
  Author                   = {Christine Gohl and Susanne Günthner},
  Journal                  = {Zeitschrift für Sprachwissenschaft},
  Year                     = {1999},
  Number                   = {1},
  Pages                    = {39–75},
  Volume                   = {18},

  Owner                    = {user},
  Timestamp                = {2014.08.10}
}

@Book{HG99,
  Title                    = {English Grammar: A Generative Perspective},
  Author                   = {Haegeman, L. M. V. and Guéron, J.},
  Publisher                = {Blackwell},
  Year                     = {1999},

  Address                  = {Oxford},
  Note                     = {SP JJ 1125 (Satz;Lehrbuchsammlung)},

  Owner                    = {user},
  Timestamp                = {2011.10.07}
}

@Article{Jacobson99,
  Title                    = {Towards a variable-free semantics},
  Author                   = {Jacobson, Pauline},
  Journal                  = {Linguistics and Philosophy},
  Year                     = {1999},
  Pages                    = {117-84},
  Volume                   = {22}
}

@Book{Kager99,
  Title                    = {Optimality {T}heory},
  Author                   = {Ren\'e Kager},
  Publisher                = {CUP},
  Year                     = {1999},

  Address                  = {Cambridge}
}

@Book{Longman,
  Title                    = {Longman Grammar of Spoken and Written English},
  Author                   = {Biber, D. and Johansson, Stig and Leech, G. and Conrad, S. and Finegan, E.},
  Publisher                = {Longman},
  Year                     = {1999},

  Address                  = {Essex},
  Note                     = {(SP JA 1121 ; SprwSem 123.33 * c.a * 4.1)},

  Owner                    = {user},
  Timestamp                = {2011.10.07}
}

@Book{MSch99,
  Title                    = {Foundations of {S}tatistical {N}atural {L}anguage {P}rocessing},
  Author                   = {Manning, Christopher D. and Sch\"utze, Hinrich},
  Publisher                = {MIT Press},
  Year                     = {1999},

  Address                  = {Cambridge, MA}
}

@Book{Mueller99,
  Title                    = {Deutsche {S}yntax deklarativ. {H}ead {D}riven {P}hrase {S}tructure {G}rammar f\"ur das {D}eutsche},
  Author                   = {M\"uller, Stefan},
  Publisher                = {Niemeyer},
  Year                     = {1999},

  Address                  = {T\"ubingen}
}

@Book{Pittner99,
  Title                    = {Adverbiale im {D}eutschen: {U}ntersuchungen zu ihrer {S}tellung und {I}nterpretation},
  Author                   = {Pittner, K.},
  Publisher                = {Stauffernburg},
  Year                     = {1999},

  Address                  = {T\"ubingen}
}

@InCollection{Richter99,
  Title                    = {{RSRL for HPSG}},
  Author                   = {Richter, Frank},
  Booktitle                = {T\"ubingen {S}tudies in {H}ead-{D}riven {P}hrase {S}tructure {G}rammar},
  Year                     = {1999},
  Editor                   = {Kordoni, Valia},
  Number                   = {132},
  Pages                    = {74-115},
  Type                     = {Arbeitspapiere des {SFB} 340}
}

@Book{ShB99,
  Title                    = {Approaches to {L}anguage {T}ypology},
  Author                   = {Shibatani, Masayoshi and Bynon, Theodora},
  Publisher                = {OUP},
  Year                     = {1999},

  Address                  = {Oxford}
}

@PhdThesis{Alderete98,
  Title                    = {Morphologically-{G}overned {A}ccent in {O}ptimality {T}heory},
  Author                   = {Alderete, John},
  School                   = {University of Massachusetts},
  Year                     = {1998},

  Address                  = {Amherst},
  Type                     = {Doctoral dissertation}
}

@Unpublished{BMS98,
  Title                    = {Adjunct scope},
  Author                   = {Bouma, Gosse and Malouf, Rob and Sag, Ivan A.},
  Year                     = {1998}
}

@Book{Eckardt98,
  Title                    = {Adverbs, {E}vents, and {O}ther {T}hings: {I}ssues in the {S}emantics of {M}anner {A}dverbs},
  Author                   = {Eckardt, Regine},
  Publisher                = {Niemeyer},
  Year                     = {1998},

  Address                  = {T\"ubingen}
}

@Article{EKN98,
  Title                    = {The constraint language for lambda structures},
  Author                   = {Egg, Markus and Koller, A. and Niehren, J.},
  Journal                  = {Journal of Logic, Language, and Information},
  Year                     = {1998},
  Number                   = {4},
  Pages                    = {457-85},
  Volume                   = {10}
}

@InProceedings{Ernst98,
  Title                    = {The scopal basis of adverb licensing},
  Author                   = {Ernst, Thomas},
  Booktitle                = {Proceedings of {NELS} 28},
  Year                     = {1998},
  Pages                    = {127-142}
}

@Article{FP98,
  Title                    = {Zur {P}ositionierung der {A}dverbiale im deutschen {M}ittelfeld},
  Author                   = {Frey, Werner and Pittner, Karin},
  Journal                  = {Linguistische Berichte},
  Year                     = {1998},
  Pages                    = {489-534},
  Volume                   = {176}
}

@InCollection{GSL98,
  Title                    = {Optimal subjects and subject universals},
  Author                   = {Grimshaw, Jane and Samek-Lodovici, Vieri},
  Booktitle                = {Is the {B}est {G}ood {E}nough? {O}ptimality and {C}ompetition in {S}yntax},
  Publisher                = {MIT Press},
  Year                     = {1998},

  Address                  = {Cambridge, MA},
  Editor                   = {Barbosa, Pilar and Fox, Danny and Hagstrom, Paul and McGinnis, Martha and Pesetsky, David},
  Pages                    = {193-219}
}

@Book{HK98,
  Title                    = {Semantics in {G}enerative {G}rammar},
  Author                   = {Heim, Irene and Kratzer, Angelika},
  Publisher                = {Blackwell},
  Year                     = {1998},

  Address                  = {Malden}
}

@InProceedings{Karttunen98,
  Title                    = {The proper treatment of optimality in computational linguistics},
  Author                   = {Karttunen, Lauri},
  Booktitle                = {Proceedings of {FSMNLP}'98},
  Year                     = {1998},

  Address                  = {Ankara},
  Organization             = {Bilkent University},
  Pages                    = {1-12}
}

@Book{Kitchens98,
  Title                    = {Exploring {S}tatistics: {A} {M}odern {I}ntroduction to {D}ata {A}nalysis and {I}nference},
  Author                   = {Kitchens, Larry J.},
  Publisher                = {Thomson},
  Year                     = {1998},

  Address                  = {Pacific Grove}
}

@InProceedings{Larson98,
  Title                    = {Events and modification in nominals},
  Author                   = {Larson, Richard K.},
  Booktitle                = {Proceedings from {S}emantics and {L}inguistic {T}heory ({SALT})},
  Year                     = {1998},

  Address                  = {Ithaca, NY},
  Organization             = {Cornell University}
}

@Article{LFL98,
  Title                    = {Introduction to Latent Semantic Analysis},
  Author                   = {Landauer, T. K. and Foltz, P. W. and Laham, D.},
  Journal                  = {Discourse Processes},
  Year                     = {1998},
  Pages                    = {259-84},
  Volume                   = {25}
}

@Misc{McCarthy98,
  Title                    = {Sympathy and phonological opacity},

  Author                   = {McCarthy, John},
  HowPublished             = {Ms., Rutger's Optimality Archive},
  Year                     = {1998}
}

@Book{Mueller98,
  Title                    = {German {W}ord {O}rder and {O}ptimality {T}heory},
  Author                   = {M\"uller, Gereon},
  Publisher                = {University of T\"ubingen},
  Year                     = {1998},

  Address                  = {T\"ubingen},
  Series                   = {Arbeitspapiere des SFB 340},
  Volume                   = {126},

  Booktitle                = {Arbeitspapiere des {SFB} 340}
}

@Book{Oakes98,
  Title                    = {Statistics for {C}orpus {L}inguistics},
  Author                   = {Oakes, Michael P.},
  Publisher                = {Edinburgh University Press},
  Year                     = {1998},

  Address                  = {Edinburgh}
}

@Article{Progovac98a,
  Title                    = {Structure for {C}orrdination, {P}art {I}},
  Author                   = {Progovac, Liljana},
  Journal                  = {Glot International},
  Year                     = {1998},
  Number                   = {7},
  Pages                    = {3--9},
  Volume                   = {3}
}

@Article{Progovac98b,
  Title                    = {Structure for {C}orrdination, {P}art {II}},
  Author                   = {Progovac, Liljana},
  Journal                  = {Glot International},
  Year                     = {1998},
  Number                   = {8},
  Pages                    = {3--6},
  Volume                   = {3}
}

@Article{Shaer98,
  Title                    = {Adverbs, functional structure and restrintiveness},
  Author                   = {Shaer, Benjamin},
  Journal                  = {Proceedings of NELS 28},
  Year                     = {1998}
}

@Book{SokalBricmont1998,
  Title                    = {Fashionable Nonsense: Postmodern Intellectuals' Abuse of Science},
  Author                   = {Alan Sokal and Jean Bricmont},
  Publisher                = {Picador},
  Year                     = {1998},

  Owner                    = {user},
  Timestamp                = {2014.04.21}
}

@Book{Tallerman98,
  Title                    = {Understanding {S}yntax},
  Author                   = {Maggie Tallerman},
  Publisher                = {Arnold},
  Year                     = {1998},

  Address                  = {London}
}

@Book{Verschueren98,
  Title                    = {Understanding {P}ragmatics},
  Author                   = {Jeff Verschueren},
  Publisher                = {OUP},
  Year                     = {1998},

  Address                  = {Oxford}
}

@Book{Alexiadou97,
  Title                    = {Adverb {P}lacement: {A} {C}ase {S}tudy in {A}ntisymmetric {S}yntax},
  Author                   = {Alexiadou, Artemis},
  Publisher                = {Benjamins},
  Year                     = {1997},

  Address                  = {Amsterdam}
}

@Book{Carpenter97,
  Title                    = {Type-{L}ogical {S}emantics},
  Author                   = {Carpenter, Bob},
  Publisher                = {MIT Press},
  Year                     = {1997},

  Address                  = {Cambridge, MA}
}

@Book{Cowart1997,
  Title                    = {Experimental Syntax: applying objective methods to sentence judgement},
  Author                   = {Wayne Cowart},
  Publisher                = {Sage},
  Year                     = {1997},

  Address                  = {Thousand Oaks},

  Owner                    = {user},
  Timestamp                = {2013.12.11}
}

@Book{Dik97,
  Title                    = {The {T}heory of {F}unctional {G}rammar {P}art {I}: {T}he {S}tructure of the {C}lause},
  Author                   = {Dik, Simon C.},
  Editor                   = {Hengeveld, Kees},
  Publisher                = {de Gruyter},
  Year                     = {1997},

  Address                  = {Berlin}
}

@InProceedings{Eisner97,
  Title                    = {Efficient generation in primitive {O}ptimality {T}heory},
  Author                   = {Eisner, Jason},
  Booktitle                = {Meeting of the {A}ssociation for {C}omputational {L}inguistics},
  Year                     = {1997},

  Address                  = {Madrid},
  Pages                    = {313-20}
}

@InProceedings{Eisner97b,
  Title                    = {Footform decomposed: using primitive constraints in {OT}},
  Author                   = {Eisner, Jason},
  Booktitle                = {Proceedings of {SCIL} {VIII}},
  Year                     = {1997},

  Address                  = {Cambridge, MA},
  Editor                   = {Bruening, Benjamin},
  Series                   = {MIT Working Papers in Linguistics},
  Volume                   = {31}
}

@InCollection{EK97,
  Title                    = {Representing discourse in context},
  Author                   = {van Eijck, Jan and Kamp, Hans},
  Booktitle                = {Handbook of {L}ogic and {L}anguage},
  Publisher                = {MIT Press},
  Year                     = {1997},

  Address                  = {Cambridge, MA},
  Editor                   = {van Benthem, Johan F. A. K. and ter Meulen, G. B. Alice},
  Pages                    = {180-237}
}

@InCollection{GKR06,
  Title                    = {Discourse {R}epresentation {T}heory. {A}n updated survey},
  Author                   = {Genabith, J. and Kamp, H. and Reyle, U.},
  Booktitle                = {Handbook of Philosophical Logic.},
  Publisher                = {Springer},
  Year                     = {1997},

  Address                  = {Berlin},
  Editor                   = {Gabbay, D.M. and Guenthner, F.},
  Pages                    = {[to appear]}
}

@Article{Grimshaw97,
  Title                    = {Projection, heads, and optimality},
  Author                   = {Grimshaw, Jane},
  Journal                  = {Linguistic Inquiry},
  Year                     = {1997},
  Number                   = {3},
  Pages                    = {373-422},
  Volume                   = {28}
}

@Misc{HR97,
  Title                    = {Formal and empirical arguments concerning phonological acquisition},

  Author                   = {Hale, Mark and Reiss, Charles},
  HowPublished             = {Ms., Rutger's Optimality Archive (to appear in Linguistic Inquiry)},
  Year                     = {1997}
}

@Article{LD97,
  Title                    = {A solution to Plato's problem: The Latent Semantic Analysis theory of the acquisition, induction, and representation of knowledge},
  Author                   = {T. K. Landauer and S. T. Dumais},
  Journal                  = {Psychological Review},
  Year                     = {1997},
  Pages                    = {211-40},
  Volume                   = {104},

  Comment                  = {LSA},
  Owner                    = {user},
  Timestamp                = {2009.08.09}
}

@Article{Moltmann97,
  Title                    = {Intensional verbs and quantifiers},
  Author                   = {Moltmann, Friederike},
  Journal                  = {Natural Language Semantics},
  Year                     = {1997},
  Pages                    = {1-52},
  Volume                   = {5}
}

@Article{PS97,
  Title                    = {Optimality: from neural networks to universal grammar},
  Author                   = {Prince, Alan S. and Smolensky, Paul},
  Journal                  = {Science},
  Year                     = {1997},
  Pages                    = {1604-10},
  Volume                   = {275}
}

@InCollection{Rizzi97,
  Title                    = {The Fine Structure of the Left Periphery},
  Author                   = {Luigi Rizzi},
  Booktitle                = {Elements of {G}rammar: {H}andbook in {G}enerative {S}yntax},
  Publisher                = {Kluwer},
  Year                     = {1997},
  Editor                   = {Liliane Haegeman}
}

@Book{Scherer97,
  Title                    = {{N}euronale {N}etze},
  Author                   = {Scherer, Andreas},
  Publisher                = {Vieweg},
  Year                     = {1997},

  Address                  = {Braunschweig}
}

@Article{BardEa1996,
  Title                    = {Magnitude Estimation for Linguistic acceptability},
  Author                   = {Ellen Gurman Bard and Dan Robertson and Antonella Sorace},
  Journal                  = {Language},
  Year                     = {1996},
  Number                   = {1},
  Pages                    = {32--68},
  Volume                   = {72},

  Owner                    = {user},
  Timestamp                = {2013.12.11}
}

@Article{Costa96,
  Title                    = {Adverb positioning and {V}-movement in {E}nglish},
  Author                   = {Costa, Jo},
  Journal                  = {Studia Linguistica},
  Year                     = {1996},
  Pages                    = {22-34},
  Volume                   = {50}
}

@Book{DdS96,
  Title                    = {Computational {P}sycholinguistics},
  Editor                   = {Dijkstra, Ton and Smedt, Koenrad de},
  Publisher                = {Taylor \& Francis},
  Year                     = {1996},

  Address                  = {London}
}

@Book{deHoop96,
  Title                    = {Case {C}onfiguration and {N}oun {P}hrase {I}nterpretation},
  Author                   = {de Hoop, Helen},
  Publisher                = {Garland},
  Year                     = {1996},

  Address                  = {New York}
}

@Article{EV96,
  Title                    = {The linguistic realization of information packaging},
  Author                   = {Engdahl, Elisabet and Vallduv\'i, Enric},
  Journal                  = {Linguistics},
  Year                     = {1996},
  Pages                    = {459-519},
  Volume                   = {34}
}

@InCollection{Haider96,
  Title                    = {Downright {D}own to the {R}ight},
  Author                   = {Haider, Hubert},
  Booktitle                = {On {E}xtraction and {E}xtraposition in {G}erman},
  Publisher                = {Benjamins},
  Year                     = {1996},

  Address                  = {245-71},
  Editor                   = {Lutz, U. and Pafel, J.},
  Series                   = {Linguistics Today},
  Volume                   = {11}
}

@InCollection{Hermanns1996,
  Title                    = {Emotion im Wörterbuch. Zur Lexikologie von affektiver Lexik},
  Author                   = {Hermanns, F.},
  Booktitle                = {Die Ordnung der Wörter. Kognitive und lexikalische Strukturen},
  Publisher                = {De Gruyter},
  Year                     = {1996},

  Address                  = {Berlin},
  Editor                   = {G. Harras},
  Pages                    = {138--178},

  Owner                    = {user},
  Timestamp                = {2012.08.26}
}

@Article{Koepcke1996,
  Title                    = {{Die Klassifikation der schwachen Maskulina in der deutschen Gegenwartssprache}},
  Author                   = {K\"opcke, Klaus-Michael},
  Journal                  = {Zeitschrift f\"ur Sprachwissenschaft},
  Year                     = {1996},
  Number                   = {2},
  Pages                    = {159--180},
  Volume                   = {14},

  Owner                    = {user},
  Timestamp                = {2012.08.18}
}

@Book{Kortmann97,
  Title                    = {Adverbial {S}ubordination: {A} {T}ypology and {H}istory of {A}dverbial {S}ubordinators {B}ased {O}n {E}uropean {L}anguages},
  Author                   = {Kortmann, Bernd},
  Publisher                = {de Gruyter},
  Year                     = {1996},

  Address                  = {Berlin}
}

@Book{Ladefoged96,
  Title                    = {Elements of Acoustic Phonetics},
  Author                   = {Ladefoged, Peter},
  Publisher                = {University of Chicago Press},
  Year                     = {1996},

  Address                  = {Chicago},
  Edition                  = {2},

  Owner                    = {user},
  Timestamp                = {2008.11.24}
}

@Book{Lehr1996,
  Title                    = {Kollokationen in maschinenlesbaren Korpora. Ein operationales Analysemodell zum Aufbau lexikalischer Netze},
  Author                   = {Lehr, A.},
  Publisher                = {Niemeyer},
  Year                     = {1996},

  Address                  = {Tübingen},
  Series                   = {RGL},
  Volume                   = {168},

  Owner                    = {user},
  Timestamp                = {2012.08.26}
}

@InProceedings{Pollard1996,
  Title                    = {The {N}ature of {C}onstraint-{B}ased {G}rammar},
  Author                   = {Pollard, Carl},
  Booktitle                = {Proceedings of the 10th {P}acific {A}sia {C}onference on {L}anguage, {I}nformation and {C}omputation ({PACLING}'96)},
  Year                     = {1996}
}

@InCollection{Selkirk96,
  Title                    = {The Prosodic Structure of Function Words},
  Author                   = {Elisabeth Selkirk},
  Booktitle                = {Signal to Syntax. Bootstrapping from Speech to Grammar in Early Acquisition},
  Publisher                = {Erlbaum},
  Year                     = {1996},

  Address                  = {Mahwah, NJ},
  Editor                   = {{James L.} Morgan and Katherine Demuth},
  Pages                    = {187--214}
}

@Article{Smolensky96,
  Title                    = {On the comprehension/production dilemma in child language},
  Author                   = {Smolensky, Paul},
  Journal                  = {Linguistic Inquiry},
  Year                     = {1996},
  Number                   = {4},
  Pages                    = {720-31},
  Volume                   = {27}
}

@Book{Spencer96,
  Title                    = {Phonology},
  Author                   = {Andrew Spencer},
  Publisher                = {Blackwell},
  Year                     = {1996},

  Address                  = {Oxford}
}

@Book{Steedman96,
  Title                    = {Surface {S}tructure and {I}nterpretation},
  Author                   = {Steedman, Mark},
  Publisher                = {MIT Press},
  Year                     = {1996},

  Address                  = {Cambridge, MA}
}

@InProceedings{Stewart96,
  Title                    = {Adverb Placement and the Structure of the Serial Verb Construction},
  Author                   = {Stewart, Osamuyimen T.},
  Booktitle                = {Proceedings of {NELS} 26},
  Year                     = {1996},
  Pages                    = {409-23}
}

@Misc{vonStechow96,
  Title                    = {The Different Readings of `wieder' - `again': A Structural Account},

  Author                   = {Stechow, Arnim von},
  HowPublished             = {Ms., Universit\"at T\"ubingen},
  Year                     = {1996}
}

@Book{Whaley96,
  Title                    = {Introduction to {T}ypology : {T}he {U}nity and {D}iversity of {L}anguage},
  Author                   = {Whaley, Lindsay J.},
  Publisher                = {SAGE},
  Year                     = {1996},

  Address                  = {Thousand Oaks}
}

@Book{Altmann95,
  Title                    = {Statistik f\"ur {L}inguisten},
  Author                   = {Gabriel Altmann},
  Publisher                = {Wissenschaftlicher Verlag},
  Year                     = {1995},

  Address                  = {Trier},
  Series                   = {Quantitative Linguistics},
  Volume                   = {55}
}

@PhdThesis{Bobaljik95,
  Title                    = {Morphosyntax: {T}he {S}yntax of {V}erbal {I}nflection},
  Author                   = {Bobaljik, J.},
  School                   = {MIT},
  Year                     = {1995},

  Address                  = {Cambridge, MA},

  Publisher                = {MIT Working Papers}
}

@InBook{Chomsky95,
  Title                    = {The {M}inimalist {P}rogram},
  Author                   = {Noam Chomsky},
  Chapter                  = {Categories and transformations},
  Pages                    = {219-394},
  Publisher                = {MIT Press},
  Year                     = {1995},

  Address                  = {Cambridge, MA},

  Booktitle                = {The {M}inimalist {P}rogram}
}

@InBook{CL95,
  Title                    = {The {T}heory of {P}rinciples and {P}arameter},
  Author                   = {Noam Chomsky and Howard Lasnik},
  Editor                   = {Noam Chomsky},
  Pages                    = {13-127},
  Publisher                = {MIT Press},
  Year                     = {1995},

  Address                  = {Cambridge, MA},

  Booktitle                = {The {M}inimalist {P}rogram}
}

@InProceedings{CM95,
  Title                    = {Trees and the representation of disjunct constituents},
  Author                   = {Cori, Marcel and Marandin, Jean-Marie},
  Booktitle                = {Proceedings of {F}ormal {G}rammar 95},
  Year                     = {1995},
  Pages                    = {271-86}
}

@Book{Goldberg1995,
  Title                    = {Constructions. A construction grammar approach to argument structure},
  Author                   = {Goldberg, Adele E.},
  Publisher                = {University of Chicago Press},
  Year                     = {1995},

  Address                  = {Chicago},

  Owner                    = {user},
  Timestamp                = {2012.08.26}
}

@Misc{Hammond95,
  Title                    = {There is no lexicon!},

  Author                   = {Hammond, Mike},
  HowPublished             = {Ms., Rutger's Optimality Archive},
  Year                     = {1995}
}

@InCollection{Hermanns1995,
  Title                    = {Kognition, Emotion, Intention. Dimensionen lexikalischer Semantik},
  Author                   = {Hermanns, F.},
  Booktitle                = {Wörterbücher in der Diskussion. Vorträge aus dem Heidelberger Lexikographischem Kolloquium},
  Publisher                = {Niemeyer},
  Year                     = {1995},

  Address                  = {Tübingen},
  Editor                   = {H.E.Wiegand},
  Pages                    = {256–-278},

  Owner                    = {user},
  Timestamp                = {2012.08.26}
}

@Book{Kaplan95,
  Title                    = {English {G}rammar: {P}rinciples and {F}acts},
  Author                   = {Kaplan, Jeffrey P.},
  Publisher                = {Prentice Hall},
  Year                     = {1995},

  Address                  = {Englewood Cliffs},
  Edition                  = {2}
}

@Article{Koepcke1995,
  Title                    = {{Die Klassifikation der schwachen Maskulina in der deutschen Gegenwartssprache} -- {Ein Beispiel für die Leistungsfähigkeit der Prototypentheorie}},
  Author                   = {Klaus-Michael Köpcke},
  Journal                  = {Zeitschrift für Sprachwissenschaft},
  Year                     = {1995},
  Number                   = {2},
  Pages                    = {159--180},
  Volume                   = {14},

  Owner                    = {user},
  Timestamp                = {2013.03.09}
}

@InCollection{KPCtMChL95,
  Title                    = {Genericity: an introduction},
  Author                   = {Krifka, Manfred and Pelletier, Francis J. and Carlson, Gregory N. and ter Meulen, Alice and Chierchia, Gennaro and Link, Godehard},
  Booktitle                = {The {G}eneric {B}ook},
  Publisher                = {University of Chicago Press},
  Year                     = {1995},

  Address                  = {Chicago},
  Editor                   = {Carlson, Gregory N. and Pelletier, Francis J.},
  Pages                    = {1-124}
}

@InCollection{Kratzer95,
  Title                    = {Stage-level and individual-level predicates},
  Author                   = {Kratzer, Angelika},
  Booktitle                = {The {G}eneric {B}ook},
  Publisher                = {University of Chicago Press},
  Year                     = {1995},

  Address                  = {Chicago},
  Editor                   = {Carlson, G. and Pelletier, J.},
  Pages                    = {125-75}
}

@Book{Lasersohn95,
  Title                    = {Plurality, {C}onjunction and {E}vents},
  Author                   = {Lasersohn, P.},
  Publisher                = {Kluwer},
  Year                     = {1995},

  Address                  = {Dordrecht}
}

@InCollection{MCP95,
  Title                    = {Faithfulness and reduplicative identity},
  Author                   = {McCarthy, John and Prince, Alan S.},
  Booktitle                = {Papers in {O}ptimality {T}heory},
  Publisher                = {University of Massachusetts},
  Year                     = {1995},

  Address                  = {Massachusetts},
  Editor                   = {Beckman, Jill and Urbanczyk, Suzanne and Walsh Dickey, Laura},
  Pages                    = {249-384},
  Series                   = {University of Massachusetts Occasional Papers in Linguistics},
  Volume                   = {18}
}

@Article{Reisenzein1995,
  Title                    = {On Oatley and Johnson-Laird's theory of emotion and hierarchical structures in the affective lexicon},
  Author                   = {Reisenzein, R.},
  Journal                  = {Congnition \& Emotion},
  Year                     = {1995},
  Number                   = {4},
  Pages                    = {383--416},
  Volume                   = {9},

  Owner                    = {user},
  Timestamp                = {2012.08.26}
}

@InCollection{Selkirk95,
  Title                    = {The Prosodic Structure of Funtion Words},
  Author                   = {Selkirk, L.},
  Booktitle                = {Papers in {O}ptimality {T}heory},
  Publisher                = {University of Massachusetts},
  Year                     = {1995},

  Address                  = {Massachusetts},
  Editor                   = {Beckman, Jill and Urbanczyk, Suzanne and Walsh Dickey, Laura},
  Pages                    = {439-70},
  Series                   = {University of Massachusetts Occasional Papers in Linguistics},
  Volume                   = {18},

  Owner                    = {user},
  Timestamp                = {2009.03.03}
}

@Book{Shibatani95,
  Title                    = {Approaches to {L}anguage {T}ypology},
  Editor                   = {Shibatani, Masayoshi and Bynon, Theodora},
  Publisher                = {OUP},
  Year                     = {1995},

  Address                  = {Oxford}
}

@Article{Zwarts95,
  Title                    = {Nonveridical {C}ontexts},
  Author                   = {Zwarts, FransHer},
  Journal                  = {Linguistic Analysis},
  Year                     = {1995},
  Pages                    = {286-312},
  Volume                   = {25}
}

@Book{Covington94,
  Title                    = {Natural {L}anguage {P}rocessing for {PROLOG} {P}rogrammers},
  Author                   = {Covington, Michael A.},
  Publisher                = {Prentice Hall},
  Year                     = {1994},

  Address                  = {Upper Saddle River}
}

@Book{Haegeman94,
  Title                    = {Introduction to {G}overnment and {B}inding {T}heory},
  Author                   = {Liliane Haegeman},
  Publisher                = {Blackwell},
  Year                     = {1994},

  Address                  = {Oxford},
  Edition                  = {2}
}

@Book{Hawkins94,
  Title                    = {A {P}erformance {T}heory of {O}rder and {C}onstituency},
  Author                   = {Hawkins, John},
  Publisher                = {CUP},
  Year                     = {1994},

  Address                  = {Cambridge}
}

@Misc{Inkelas94,
  Title                    = {Exceptional stress-attracting suffixes in {T}urkish: respresentations vs. the grammar},

  Author                   = {Inkelas, Sharon},
  HowPublished             = {Ms., Rutger's Optimality Archive},
  Year                     = {1994}
}

@Book{JM,
  Title                    = {Japanische Morphosyntax},
  Author                   = {Jens Rickmeyer},
  Publisher                = {Groos},
  Year                     = {1994},

  Address                  = {Heidelberg},

  Owner                    = {user},
  Timestamp                = {2011.05.24}
}

@InCollection{Kasper94,
  Title                    = {Adjuncts in the {M}ittelfeld},
  Author                   = {Kasper, Robert},
  Booktitle                = {German in {HPSG}},
  Publisher                = {CSLI},
  Year                     = {1994},

  Address                  = {Stanford},
  Editor                   = {Nerbonne, John and Netter, Klaus and Pollard, Carl},
  Pages                    = {39-69}
}

@Book{Kayne94,
  Title                    = {The {A}ntisymmetry of {S}yntax},
  Author                   = {Kayne, Richard},
  Publisher                = {MIT Press},
  Year                     = {1994},

  Address                  = {Cambridge, MA}
}

@Book{Laver94,
  Title                    = {Principles of Phonetics},
  Author                   = {Laver, John},
  Publisher                = {CUP},
  Year                     = {1994},

  Owner                    = {user},
  Timestamp                = {2008.11.24}
}

@InProceedings{MCP94,
  Title                    = {Emergence of the unmarked},
  Author                   = {McCarthy, John and Prince, Allan},
  Booktitle                = {N{ELS}24: {P}roceedings of the {N}ortheastern {L}inguistic {S}ociety},
  Year                     = {1994},

  Address                  = {Amherst, MA},
  Editor                   = {Gonz\`alez, Merc\`e},
  Pages                    = {333-79},
  Publisher                = {GLSA},
  Volume                   = {2}
}

@Book{NNP94,
  Title                    = {German in {H}ead-{D}riven {P}hrase-{S}tructure {G}rammar},
  Editor                   = {Nerbonne, John and Netter, Klaus and Pollard, Carl},
  Publisher                = {CSLI},
  Year                     = {1994},

  Address                  = {Stanford}
}

@Book{PS94,
  Title                    = {Head-driven {P}hrase {S}tructure {G}rammar},
  Author                   = {Pollard, Carl and Sag, Ivan A.},
  Publisher                = {CSLI},
  Year                     = {1994},

  Address                  = {Chicago}
}

@Unpublished{Schwarzschild94,
  Title                    = {The contrastiveness of associated foci},
  Author                   = {Schwarzschild, Roger},
  Note                     = {ms., Hebrew University of Jerusalem},
  Year                     = {1994}
}

@PhdThesis{Wyner94,
  Title                    = {Boolean {E}vent {L}attices and {T}hematic {R}oles in the {S}yntax and {S}emantics of {A}dverbial {M}odification},
  Author                   = {Wyner, Adam},
  School                   = {Corness University},
  Year                     = {1994}
}

@InCollection{Chomsky93,
  Title                    = {A minimalist program for linguistic theory},
  Author                   = {Chomsky, Noam},
  Booktitle                = {The {V}iew from {B}uilding 20},
  Publisher                = {MIT Press},
  Year                     = {1993},

  Address                  = {Cambridge, MA},
  Editor                   = {Hale, K. and Keyser, S. J.},
  Pages                    = {1-52}
}

@Book{Frey93,
  Title                    = {Syntaktische {B}edingungen f\"ur die semantische {I}nterpretation},
  Author                   = {Frey, Werner},
  Publisher                = {Akademie Verlag},
  Year                     = {1993},

  Address                  = {Berlin}
}

@Book{Goldsmith93,
  Title                    = {The {L}ast {P}honological {R}ule: {R}eflections on {C}onstraints and {D}erivations},
  Author                   = {Goldsmith, John},
  Publisher                = {University of Chicago Press},
  Year                     = {1993},

  Address                  = {Chicago}
}

@Article{Hentschel1993,
  Title                    = {Flexionsverfall im Deutschen? Die Kasusmarkierung bei partitiven Genitiv-Attributen},
  Author                   = {Elke Hentschel},
  Journal                  = {Zeitschrift für Germanistische Linguistik},
  Year                     = {1993},
  Number                   = {3},
  Pages                    = {320--333},
  Volume                   = {21},

  Owner                    = {user},
  Timestamp                = {2013.04.29}
}

@InCollection{HM93,
  Title                    = {Distributed morphology and the pieces of inflection},
  Author                   = {Halle, M. and Marantz, A.},
  Booktitle                = {The {V}iew from {B}uilding 20},
  Publisher                = {MIT Press},
  Year                     = {1993},

  Address                  = {Cambridge, MA},
  Editor                   = {Hale, K. and Keyser, S. J.},
  Pages                    = {111-76}
}

@Book{Katamba93,
  Title                    = {Morphology},
  Author                   = {Francis Katamba},
  Publisher                = {Palgrave},
  Year                     = {1993},

  Address                  = {Houndmills}
}

@Book{King93,
  Title                    = {Modern {W}elsh: {A} {C}omprehensive {G}rammar},
  Author                   = {King, Gareth},
  Publisher                = {Routledge},
  Year                     = {1993},

  Address                  = {London}
}

@Article{KMD93,
  Title                    = {Resolution of quantifier scope ambiguities},
  Author                   = {Kurtzman, Howard S. and MacDonald, Maryellen C.},
  Journal                  = {Cognition},
  Year                     = {1993},
  Pages                    = {243-79},
  Volume                   = {48}
}

@Book{KR93,
  Title                    = {From {D}iscourse to {L}ogic},
  Author                   = {Kamp, Hans and Reyle, Uwe},
  Publisher                = {Kluwer},
  Year                     = {1993},

  Address                  = {Dordrecht}
}

@Article{MCCC,
  Title                    = {Generalized Alignment},
  Author                   = {McCarthy, J. Prince, A. In (Eds.), Yearbook of Morphology (pp. 79-154).},
  Year                     = {1993},

  Owner                    = {user},
  Timestamp                = {2009.03.02}
}

@InCollection{MCP93,
  Title                    = {Generalized Alignment},
  Author                   = {McCarthy, J. Prince, A.},
  Booktitle                = {Yearbook of Morphology},
  Year                     = {1993},

  Address                  = {Dordrecht},
  Editor                   = {Booij, G. Van Marle, J.},
  Pages                    = {79-154},

  Owner                    = {user},
  Timestamp                = {2009.03.02}
}

@TechReport{PS93,
  Title                    = {Optimality {T}heory: {C}onstraint {I}nteraction in {G}enerative {G}rammar},
  Author                   = {Prince, Alan S. and Smolensky, Paul},
  Institution              = {Rutger's University},
  Year                     = {1993}
}

@InCollection{Smolensky93,
  Title                    = {Harmonic grammars for formal languages},
  Author                   = {Smolensky, Paul},
  Booktitle                = {Advances in {N}eural {I}nformation {P}rocessing {S}ystems},
  Publisher                = {Morgan Kaufmnn},
  Year                     = {1993},
  Editor                   = {Hanson, S. and Cowan, J. D. and Giles, C. L.},
  Pages                    = {847-54},
  Volume                   = {5}
}

@InProceedings{SVvdWZ93,
  Title                    = {Polarity, veridicality and temporal connectives},
  Author                   = {S\'anchez Valencia, Victor and Wouden, Ton van der and Zwarts, Frans},
  Booktitle                = {Proceedings {O}f {T}he {N}inth {A}msterdam {C}olloquium},
  Year                     = {1993},
  Pages                    = {587-606}
}

@Book{Swart93,
  Title                    = {Adverbs of {Q}uantification: {A} {G}eneralized {Q}uantifier {A}pproach},
  Author                   = {Swart, Henri\"ette de},
  Publisher                = {Garland},
  Year                     = {1993},

  Address                  = {New York}
}

@Book{vonKutschera93,
  Title                    = {{S}prachphilosophie},
  Author                   = {Kutschera, Franz von},
  Publisher                = {Fink},
  Year                     = {1993},

  Address                  = {M\"unchen}
}

@Book{Diesing92,
  Title                    = {Indefinites},
  Author                   = {Diesing, Molly},
  Publisher                = {MIT Press},
  Year                     = {1992},

  Address                  = {Cambridge, MA}
}

@Article{FoxMonette1992,
  Title                    = {Generalized collinearity diagnostics},
  Author                   = {John Fox and Georges Monette},
  Journal                  = {Journal of the American Statistics Association},
  Year                     = {1992},
  Pages                    = {178--183},
  Volume                   = {87},

  Owner                    = {user},
  Timestamp                = {2014.06.01}
}

@InProceedings{FR92,
  Title                    = {How to cope with scrambling and scope},
  Author                   = {Frank, Anette and Reyle, Uwe},
  Booktitle                = {K{ONVENS} 92 - 1.{K}onferenz {V}erarbeitung nat\"urlicher {S}prache},
  Year                     = {1992},

  Address                  = {Berlin},
  Editor                   = {G\"orz, G\"unther},
  Publisher                = {Springer}
}

@InCollection{Krifka92,
  Title                    = {Thematic relations as links between nominal reference and temporal constitution},
  Author                   = {Krifka, Manfred},
  Booktitle                = {Lexical {M}atters},
  Publisher                = {CSLI},
  Year                     = {1992},
  Editor                   = {Sag, Ivan and Szabolcsi, Anna},
  Pages                    = {29-53}
}

@Book{LS92,
  Title                    = {Move $\alpha$},
  Author                   = {Lasnik, Howard and Saito, Mamoru},
  Publisher                = {MIT Press},
  Year                     = {1992},

  Address                  = {Cambridge, MA}
}

@Book{Mints91,
  Title                    = {A {S}hort {I}ntroduction to {M}odal {L}ogic},
  Author                   = {Mints, Grigori},
  Publisher                = {CSLI},
  Year                     = {1992},

  Address                  = {Stanford}
}

@Book{Nuebling1992,
  Title                    = {Klitika im Deutschen. Schriftsprache. Umgangssprache, alemannische Dialekte},
  Author                   = {Nübling, Damaris},
  Publisher                = {Narr},
  Year                     = {1992},

  Owner                    = {user},
  Timestamp                = {2013.03.12}
}

@Article{Rooth92,
  Title                    = {A theory of focus interpretation},
  Author                   = {Rooth, Mats},
  Journal                  = {Natural Language Semantics},
  Year                     = {1992},
  Number                   = {1},
  Pages                    = {75-116},
  Volume                   = {1}
}

@Book{Devlin91,
  Title                    = {Logic and {I}nformation},
  Author                   = {Devlin, K.},
  Publisher                = {CUP},
  Year                     = {1991},

  Address                  = {Cambridge}
}

@Article{Dowty91,
  Title                    = {Thematic proto-roles and argument selection},
  Author                   = {Dowty, David},
  Journal                  = {Language},
  Year                     = {1991},
  Pages                    = {547-619},
  Volume                   = {67}
}

@Article{GS91,
  Title                    = {Dynamic Predicate Logic},
  Author                   = {Jeroen Groenendijk and Martin Stokhof},
  Journal                  = {Linguistics and Philosophy},
  Year                     = {1991},
  Number                   = {1},
  Pages                    = {39-100},
  Volume                   = {14}
}

@InCollection{Krifka91,
  Title                    = {A compositional semantics for multiple-focus constructions},
  Author                   = {Krifka, Manfred},
  Booktitle                = {Informationsstruktur und {G}rammatik},
  Publisher                = {Buske},
  Year                     = {1991},

  Address                  = {Hamburg},
  Editor                   = {Jacobs, Joachim},
  Pages                    = {17-53},

  Journal                  = {Informationsstruktur und Grammatik}
}

@Article{Miller-Charles1991,
  Title                    = {Contextual correlates of semantic similarity},
  Author                   = {Miller, G. A. and W. G. Charles},
  Journal                  = {Language and Cognitive Processes},
  Year                     = {1991},
  Pages                    = {1--28},
  Volume                   = {6},

  Owner                    = {user},
  Timestamp                = {2012.08.26}
}

@Article{Moltmann91,
  Title                    = {Measure {A}dverbials},
  Author                   = {Moltmann, Friederike},
  Journal                  = {Linguistics and Philosophy},
  Year                     = {1991},
  Pages                    = {629-60},
  Volume                   = {14}
}

@Book{Poppe91,
  Title                    = {Untersuchungen zur {W}ortstellung im {M}ittelkymrischen},
  Author                   = {Poppe, Erich},
  Publisher                = {Buske},
  Year                     = {1991},

  Address                  = {Hamburg}
}

@Article{Pustejovsky91,
  Title                    = {The syntax of event structure},
  Author                   = {Pustejovsky, James},
  Journal                  = {Cognition},
  Year                     = {1991},
  Pages                    = {47-81},
  Volume                   = {41}
}

@Book{Siewierska91,
  Title                    = {Functional {G}rammar},
  Author                   = {Siewierska, Anna},
  Publisher                = {Routledge},
  Year                     = {1991},

  Address                  = {London}
}

@Book{Belletti90,
  Title                    = {Generalized {V}erb {M}ovement},
  Author                   = {Belletti},
  Publisher                = {Rosenberg and Sellier},
  Year                     = {1990},

  Address                  = {Turin}
}

@Article{Chomsky1990,
  Title                    = {On formalization and formal linguistics},
  Author                   = {Chomsky, Noam},
  Journal                  = {Natural Language and Linguistic Theory},
  Year                     = {1990},
  Number                   = {1},
  Pages                    = {143--147},
  Volume                   = {8},

  Owner                    = {user},
  Timestamp                = {2014.04.21}
}

@Book{Croft90,
  Title                    = {Typology and {U}niversals},
  Author                   = {Croft, William},
  Publisher                = {CUP},
  Year                     = {1990},

  Address                  = {Cambridge}
}

@Article{Gelder90,
  Title                    = {Compositionality: a connectionist variation on a classical theme},
  Author                   = {Van Gelder, T.},
  Journal                  = {Cognitive Science},
  Year                     = {1990},
  Pages                    = {355-84},
  Volume                   = {14}
}

@Book{Goldsmith90,
  Title                    = {Autosegmental \& {M}etrical {P}honology},
  Author                   = {Goldsmith, John A.},
  Publisher                = {Blackwell},
  Year                     = {1990},

  Address                  = {Cambridge, MA}
}

@TechReport{GS90,
  Title                    = {Dynamic {M}ontague Grammar},
  Author                   = {Jeroen Groenendijk and Martin Stokhof},
  Year                     = {1990},

  Address                  = {Faculty of Mathematics and Computer Science, Roeterssraat 15, 1018WB Amsterdam, Holland},
  Number                   = {LP--90--02}
}

@Article{HM90,
  Title                    = {Unergatives as copular verbs: {L}ocational and existential predication},
  Author                   = {Hoekstra, Teun and Mulder, Ren},
  Journal                  = {Linguistic Review},
  Year                     = {1990},
  Pages                    = {1-79},
  Volume                   = {7}
}

@InProceedings{Krifka90,
  Title                    = {Boolean and non-boolean `and'},
  Author                   = {Krifka, Manfred},
  Booktitle                = {Proceedings from the {S}econd {S}ymposium on {L}ogic and {L}anguage},
  Year                     = {1990},

  Address                  = {Budapest},
  Editor                   = {K\'alm\'an, L. and P\'olos, L.},
  Publisher                = {Akadémiai Kiadó}
}

@Book{Parsons90,
  Title                    = {Events in the {S}emantics of {E}nglish},
  Author                   = {Parsons, Terence},
  Publisher                = {MIT Press},
  Year                     = {1990},

  Address                  = {Cambridge, MA}
}

@Book{PtMW90,
  Title                    = {Mathematical {M}ethods in {L}inguistics},
  Author                   = {Partee, Barbara and ter Meulen, Alice and Wall, Robert E.},
  Publisher                = {Kluwer},
  Year                     = {1990},

  Address                  = {Dordrecht}
}

@Book{RC90,
  Title                    = {English {F}ocus {C}onstructions and the {T}heory of {G}rammar},
  Author                   = {Rochemont, Michael and Cullicover, Peter},
  Publisher                = {CUP},
  Year                     = {1990},

  Address                  = {Cambridge}
}

@Book{Roberts90,
  Title                    = {Modal {S}ubordination, {A}naphora, and {D}istributivity},
  Author                   = {Roberts, Craige},
  Publisher                = {Garland},
  Year                     = {1990},

  Address                  = {New York}
}

@Book{Speas90,
  Title                    = {Phrase {S}tructure in {N}atural {L}anguage},
  Author                   = {Speas, Margaret},
  Publisher                = {Kluwer},
  Year                     = {1990},

  Address                  = {Dordrecht}
}

@InCollection{Wegener90,
  Title                    = {Der Dativ - ein struktureller Kasus?},
  Author                   = {Heide Wegener},
  Booktitle                = {Strukturen und Merkmale syntaktischer Kategorien},
  Publisher                = {Narr},
  Year                     = {1990},
  Editor                   = {Gisbert Fanselow and Sascha W. Felix},
  Pages                    = {70--103},

  Owner                    = {user},
  Timestamp                = {2009.03.12}
}

@Book{Barwise89,
  Title                    = {The {S}ituation in {L}ogic},
  Author                   = {Barwise, J.},
  Publisher                = {CSLI},
  Year                     = {1989},

  Address                  = {Stanford}
}

@Book{CGEL,
  Title                    = {A Comprehensive Grammar of the English Language},
  Author                   = {Randolph Quirk and Sidney Greenbaum and Geoffrey Leech and, Jan Svartvik},
  Publisher                = {Longman},
  Year                     = {1989},

  Address                  = {Essex},

  Owner                    = {user},
  Timestamp                = {2011.10.29}
}

@Article{Coopmans89,
  Title                    = {Where stylistic and syntactic processes meet: {L}ocative inversion in {E}nglish},
  Author                   = {Coopmans, Peter},
  Journal                  = {Language},
  Year                     = {1989},
  Pages                    = {728-51},
  Volume                   = {65}
}

@Book{Grice89,
  Title                    = {Studies in the way of words},
  Author                   = {Grice, P.},
  Publisher                = {Academic Press},
  Year                     = {1989},

  Address                  = {New York}
}

@InCollection{GS89,
  Title                    = {Dynamic {M}ontague {G}rammar},
  Author                   = {Groenendijk, Jeroen and Stokhof, Martin . In, eds.},
  Year                     = {1989}
}

@Article{JohnsonLaird-Oatley1989,
  Title                    = {The Language of Emotions: An Analysis of a Semantic Field},
  Author                   = {Johnson-Laird, P.N. and Oatley, K.},
  Journal                  = {Cognition and Emotion},
  Year                     = {1989},
  Pages                    = {81--123},
  Volume                   = {3},

  Owner                    = {user},
  Timestamp                = {2012.08.26}
}

@Article{Kratzer89,
  Title                    = {An investigation of the lumps of thought},
  Author                   = {Kratzer, Angelika},
  Journal                  = {Linguistics and Philosphy},
  Year                     = {1989},
  Pages                    = {607-53},
  Volume                   = {12}
}

@InCollection{Krifka89,
  Title                    = {Nominal reference, temporal constitution and quantification in an event semantics},
  Author                   = {Krifka, Manfred},
  Booktitle                = {Semantics and {C}ontextual {E}xpression},
  Publisher                = {Foris},
  Year                     = {1989},

  Address                  = {Dordrecht},
  Editor                   = {Bartsch, Renate},
  Pages                    = {75-115}
}

@Book{KS89,
  Title                    = {Grundkurs {PROLOG} f\"ur {L}inguisten},
  Author                   = {K\"onig, Esther and Seiffert, Roland},
  Publisher                = {Francke},
  Year                     = {1989},

  Address                  = {T\"ubingen}
}

@InProceedings{Minker89,
  Title                    = {{T}oward a foundation of disjunctive logic programming},
  Author                   = {Minker, J.},
  Booktitle                = {Proceedings of the {N}orth {A}merican {L}ogic {P}rogramming {C}onference},
  Year                     = {1989},

  Address                  = {Massachusetts},
  Editor                   = {Lusk, E. L. and Overbeek, R. A.},
  Publisher                = {MIT Press}
}

@Article{Pollock89,
  Title                    = {Verb movement, universal grammar, and the structure of {IP}},
  Author                   = {Jean-Yves Pollock},
  Journal                  = {Linguistic Inquiry},
  Year                     = {1989},
  Number                   = {3},
  Pages                    = {365-424},
  Volume                   = {20}
}

@Book{Grewendorf88,
  Title                    = {Aspekte der deutschen {S}yntax. {E}ine {R}ektions-{B}indungs-{A}nalyse},
  Author                   = {Grewendorf, G\"unther},
  Publisher                = {Narr},
  Year                     = {1988},

  Address                  = {T\"ubingen}
}

@InCollection{Jaeger-Plum1988,
  Title                    = {Historisches Wörterbuch des deutschen Gefühlswortschatzes. Theoretische und methodische Probleme},
  Author                   = {Jäger, L. and Plum, S.},
  Booktitle                = {Zur historischen Semantik des deutschen Gefühlswortschatzes},
  Publisher                = {Alano},
  Year                     = {1988},

  Address                  = {Aachen},
  Editor                   = {L. Jäger},
  Pages                    = {5--55},

  Owner                    = {user},
  Timestamp                = {2012.08.26}
}

@Article{Larson88,
  Title                    = {On the double-object construction},
  Author                   = {Richard K. Larson},
  Journal                  = {Linguistic Inquiry},
  Year                     = {1988},
  Number                   = {3},
  Pages                    = {335-91},
  Volume                   = {19}
}

@Article{MS88,
  Title                    = {Temporal ontology and temporal reference},
  Author                   = {Moens, Marc and Steedman, Mark},
  Journal                  = {Computational Linguistics},
  Year                     = {1988},
  Number                   = {2},
  Pages                    = {15-28},
  Volume                   = {14}
}

@Article{Sportiche88,
  Title                    = {A theory of floating quantifiers and its corollaries for constituent structure},
  Author                   = {Sportiche, D.},
  Journal                  = {Linguistic Inquiry},
  Year                     = {1988},
  Pages                    = {425-49},
  Volume                   = {19}
}

@Article{Travis88,
  Title                    = {The syntax of adverbs},
  Author                   = {Travis, Lisa},
  Journal                  = {McGill Working Papers in Linguistics},
  Year                     = {1988},
  Pages                    = {280-310},
  Volume                   = {Special Issue on Comparative Germanic Syntax}
}

@PhdThesis{Abney87,
  Title                    = {The {E}nglish {N}oun {P}hrase in {I}ts {S}entential {A}spect},
  Author                   = {Abney, Steven P.},
  School                   = {MIT},
  Year                     = {1987},

  Address                  = {Cambridge, MA},
  Type                     = {PhD}
}

@Article{Bittner1987,
  Title                    = {{Die sogenannten schwachen Maskulina des Deutschen -- Ihre besondere Stellung im nhd. Deklinationssystem}},
  Author                   = {Bittner, Dagmar},
  Journal                  = {{Linguistische Studien des Zentralinstituts f\"ur Sprachwissenschaft der Akademie der Wissenschaften der DDR}},
  Year                     = {1987},
  Number                   = {156},
  Pages                    = {33--53},
  Volume                   = {A},

  Owner                    = {user},
  Timestamp                = {2012.08.18}
}

@Article{Bittner1987-abbr,
  Title                    = {{Die sogenannten schwachen Maskulina des Deutschen}},
  Author                   = {Bittner, Dagmar},
  Journal                  = {{Linguistische Studien des Zentralinstituts f\"ur Sprachwissenschaft der Akademie der Wissenschaften der DDR}},
  Year                     = {1987},
  Number                   = {156},
  Pages                    = {33--53},
  Volume                   = {A},

  Owner                    = {user},
  Timestamp                = {2012.08.18}
}

@Book{Bucher87,
  Title                    = {Einf\"uhrung in die angewandte {L}ogik},
  Author                   = {Theodor Bucher},
  Publisher                = {de Gruyter},
  Year                     = {1987},

  Address                  = {Berlin},
  Series                   = {Sammlung G\"oschen},
  Volume                   = {2231}
}

@Article{Clore-ea1987,
  Title                    = {The psychological foundation of the affective lexicon},
  Author                   = {Clore, G.L. and Ortony, A. and Foss, M.A.},
  Journal                  = {Journal of Personality and Social Psychology},
  Year                     = {1987},
  Number                   = {4},
  Pages                    = {751--766},
  Volume                   = {53},

  Owner                    = {user},
  Timestamp                = {2012.08.26}
}

@InProceedings{Fillmore87,
  Title                    = {Varieties of Conditional Sentences},
  Author                   = {Fillmore, Charles J.},
  Booktitle                = {Proceedings of the Eastern States Conference on Linguistics},
  Year                     = {1987},

  Address                  = {Ohio},
  Organization             = {Ohio State University},
  Pages                    = {163--182},

  Owner                    = {user},
  Timestamp                = {2011.10.07}
}

@Article{Ortony-ea1987,
  Title                    = {The referential structure of the affective lexicon},
  Author                   = {Ortony, A. and Clore, G.L. and Foss, M.A.},
  Journal                  = {Cognitive Science},
  Year                     = {1987},
  Pages                    = {341--364},
  Volume                   = {11},

  Owner                    = {user},
  Timestamp                = {2012.08.26}
}

@InCollection{Pesetsky87,
  Title                    = {{\it Wh}-in-situ: movement and unselective binding},
  Author                   = {Pesetsky, D.},
  Booktitle                = {The {R}epresentation of ({I}n)definiteness},
  Publisher                = {MIT Press},
  Year                     = {1987},

  Address                  = {Cambridge, MA},
  Editor                   = {Reuland, E. and ter Meulen, A.},
  Pages                    = {98-129}
}

@Article{SS87,
  Title                    = {A Taxonomic Study of the Vocabulary of Emotions},
  Author                   = {Storm, Christine and Storm, Tom},
  Journal                  = {Journal of Personality and Social Psychology},
  Year                     = {1987},
  Number                   = {4},
  Pages                    = {805-16},
  Volume                   = {53}
}

@Article{SSKO87,
  Title                    = {Emotion Knowledge: Further Exploration of a Prototype Approach},
  Author                   = {Shaver, Philip and Schartz, Judith and Kirson, Donald and O'Connor, Cary},
  Journal                  = {Journal of Personality and Social Psychology},
  Year                     = {1987},
  Number                   = {6},
  Pages                    = {1061-86},
  Volume                   = {52}
}

@Article{Bach86,
  Title                    = {The algebra of events},
  Author                   = {Bach, Emmon},
  Journal                  = {Linguistics and Philosophy},
  Year                     = {1986},
  Pages                    = {5-16},
  Volume                   = {9}
}

@Article{Chen86,
  Title                    = {Discourse particle movement in {E}nglish},
  Author                   = {Chen, Ping},
  Journal                  = {Studies in Language},
  Year                     = {1986},
  Pages                    = {97-95},
  Volume                   = {10}
}

@Book{Chomsky86,
  Title                    = {Barriers},
  Author                   = {Chomsky, Noam},
  Publisher                = {MIT Press},
  Year                     = {1986},

  Address                  = {Cambridge, MA}
}

@Book{Eroms86,
  Title                    = {Funktionale {S}atzperspektive},
  Author                   = {Eroms, Hans-Werner},
  Publisher                = {Niemeyer},
  Year                     = {1986},

  Address                  = {Tübingen},
  Series                   = {Germanistische Arbeitshefte},
  Volume                   = {31}
}

@Book{HS86,
  Title                    = {Introduction to {C}ombinators and $\lambda$--{C}alculus},
  Author                   = {Hindley, J. Roger and Seldin, Jonathan P.},
  Publisher                = {CUP},
  Year                     = {1986},

  Address                  = {London}
}

@InCollection{Jacobs86,
  Title                    = {The syntax of focus and adverbials in {G}erman},
  Author                   = {Jacobs, J.},
  Booktitle                = {Topic, {F}ocus and {C}onfigurationality},
  Publisher                = {Benjamins},
  Year                     = {1986},

  Address                  = {Amsterdam},
  Editor                   = {Abraham, W. and de Meij, S.},
  Pages                    = {103-27}
}

@InCollection{MRH86,
  Title                    = {The appeal of {P}arallel {D}istributed {P}rocessing},
  Author                   = {McClelland, James L. and Rumelhart, David E. and Hinton, George E.},
  Booktitle                = {Parallel {D}istributed {P}rocessing: {E}xplorations in the {M}icrostructure of {C}ognition},
  Publisher                = {MIT Press},
  Year                     = {1986},

  Address                  = {Cambridge, MA},
  Editor                   = {McClelland, James L. and Rumelhart, David E.},
  Pages                    = {3-44},
  Volume                   = {1}
}

@InCollection{Munro86,
  Title                    = {State-dependent factors influencing neural plasticity: a partial account of the critical period},
  Author                   = {Munro, Paul W.},
  Booktitle                = {Parallel {D}istributed {P}rocessing: {E}xplorations in the {M}icrostructure of {C}ognition},
  Publisher                = {MIT Press},
  Year                     = {1986},

  Address                  = {Cambridge, MA},
  Editor                   = {McClelland, James L. and Rumelhart, David E.},
  Pages                    = {471-502},
  Volume                   = {2}
}

@InCollection{Partee86,
  Title                    = {Noun phrase interpretation and type-shifting principles},
  Author                   = {Partee, Barbara H.},
  Booktitle                = {Studies in {D}iscourse {R}epresentation {T}heory and the {T}heory of {G}eneralized {Q}uantifiers},
  Publisher                = {Foris},
  Year                     = {1986},

  Address                  = {Dordrecht},
  Editor                   = {Groenendijk, J. and de Jongh, D. and Stokhof, M.},
  Pages                    = {115-43}
}

@Book{PDP,
  Title                    = {Parallel {D}istributed {P}rocessing: {E}xplorations in the {M}icrostructure of {C}ognition},
  Editor                   = {Rumelhart, David E. and McClelland, James L.},
  Publisher                = {MIT Press},
  Year                     = {1986},

  Address                  = {Cambridge, MA}
}

@InCollection{RMC86,
  Title                    = {P{DP} models and general issues in cognitive science},
  Author                   = {Rumelhart, David E. and McClelland, James L.},
  Booktitle                = {Parallel {D}istributed {P}rocessing: {E}xplorations in the {M}icrostructure of {C}ognition},
  Publisher                = {MIT Press},
  Year                     = {1986},

  Address                  = {Cambridge, MA},
  Editor                   = {McClelland, James L. and Rumelhart, David E.},
  Pages                    = {110-46},
  Volume                   = {1}
}

@InCollection{RMC86b,
  Title                    = {On learning the past tense of {E}nglish verbs},
  Author                   = {Rumelhart, David E. and McClelland, James L.},
  Booktitle                = {Parallel {D}istributed {P}rocessing: {E}xplorations in the {M}icrostructure of {C}ognition},
  Publisher                = {MIT Press},
  Year                     = {1986},

  Address                  = {Cambridge, MA},
  Editor                   = {McClelland, James L. and Rumelhart, David E.},
  Pages                    = {216-71},
  Volume                   = {2}
}

@Book{Ross86,
  Title                    = {Infinite {S}yntax},
  Author                   = {Ross, John R.},
  Publisher                = {Ablex},
  Year                     = {1986},

  Address                  = {Norwood}
}

@InCollection{RZ86,
  Title                    = {Feature discovery by competitive learning},
  Author                   = {Rumelhart, David E. and Zipser, Paul W.},
  Booktitle                = {Parallel {D}istributed {P}rocessing: {E}xplorations in the {M}icrostructure of {C}ognition},
  Publisher                = {MIT Press},
  Year                     = {1986},

  Address                  = {Cambridge, MA},
  Editor                   = {McClelland, James L. and Rumelhart, David E.},
  Pages                    = {151-93},
  Volume                   = {1}
}

@InCollection{Smolensky86,
  Title                    = {Information processing in dynamical systems: foundations of harmony theory},
  Author                   = {Smolensky, Paul},
  Booktitle                = {Parallel {D}istributed {P}rocessing: {E}xplorations in the {M}icrostructure of {C}ognition},
  Publisher                = {MIT Press},
  Year                     = {1986},

  Address                  = {Cambridge, MA},
  Editor                   = {McClelland, James L. and Rumelhart, David E.},
  Pages                    = {194-281},
  Volume                   = {1}
}

@Book{SSh86,
  Title                    = {The {A}rt of {PROLOG}},
  Author                   = {Sterling, Leon and Shapiro, Ehud},
  Publisher                = {MIT Press},
  Year                     = {1986},

  Address                  = {Cambridge}
}

@InCollection{Zipser86,
  Title                    = {Biologically plausible models of place recognition and goal location},
  Author                   = {Zipser, David},
  Booktitle                = {Parallel {D}istributed {P}rocessing: {E}xplorations in the {M}icrostructure of {C}ognition},
  Publisher                = {MIT Press},
  Year                     = {1986},

  Address                  = {Cambridge, MA},
  Editor                   = {McClelland, James L. and Rumelhart, David E.},
  Pages                    = {432-70},
  Volume                   = {2}
}

@Article{AGM85,
  Title                    = {{O}n the logic of theory change: {P}artial meet contraction and revision functions},
  Author                   = {Alchourròn, C. E. and G\"ardenfors, P. and Makinson, D.},
  Journal                  = {Journal of Symbolic Logic},
  Year                     = {1985},
  Number                   = {510-30},
  Volume                   = {50}
}

@Book{Cresswell85,
  Title                    = {Adverbial {M}odification, {I}nterval {S}emantics and {I}ts {R}ivals},
  Author                   = {Cresswell, Max J.},
  Publisher                = {Reidel},
  Year                     = {1985},

  Address                  = {Dordrecht}
}

@Article{Higginbotham85,
  Title                    = {On semantics},
  Author                   = {Higginbotham, James},
  Journal                  = {Linguistic Inquiry},
  Year                     = {1985},
  Pages                    = {547-93},
  Volume                   = {16}
}

@Book{May85,
  Title                    = {Logical {F}orm: {I}ts {S}tructure and {D}erivation},
  Author                   = {May, Robert},
  Publisher                = {MIT Press},
  Year                     = {1985},

  Address                  = {Cambridge, MA}
}

@PhdThesis{Rooth85,
  Title                    = {Association with {F}ocus},
  Author                   = {Rooth, Mats},
  School                   = {University of Massachusetts},
  Year                     = {1985},

  Address                  = {Amherst},
  Type                     = {PhD}
}

@Book{vanBenthem85,
  Title                    = {A {M}anual of {I}ntensional {L}ogic},
  Author                   = {Benthem, Johan van},
  Publisher                = {CSLI},
  Year                     = {1985},

  Address                  = {Stanford}
}

@Article{Carlson84,
  Title                    = {On the role of thematic roles in linguistic theory},
  Author                   = {Carlson, Greg},
  Journal                  = {Linguistics},
  Year                     = {1984},
  Pages                    = {259-79},
  Volume                   = {22}
}

@Book{Ernst84,
  Title                    = {Towards an {I}ntegrated {T}heory of {A}dverb {P}osition in {E}nglish},
  Author                   = {Ernst, Thomas B.},
  Publisher                = {Indiana University Press},
  Year                     = {1984},

  Address                  = {Bloomington}
}

@InCollection{Horn84,
  Title                    = {Towards a new taxonomy of pragmatic inference: {Q}-based and {R}-based implicature},
  Author                   = {Horn, L.},
  Booktitle                = {Meaning, {F}orm, and {U}se in {C}ontext: {L}inguistic {A}pplications},
  Publisher                = {Georgetown University Press},
  Year                     = {1984},
  Editor                   = {Schiffrin, D.},
  Pages                    = {11-42}
}

@InCollection{Kamp84,
  Title                    = {A theory of truth and semantic representation},
  Author                   = {Hans Kamp},
  Booktitle                = {Truth, {I}nterpretation, {I}nformation},
  Publisher                = {Foris},
  Year                     = {1984},
  Editor                   = {Groenendijk, Jeroen and Janssen, Theo and Stokhof, Martin},
  Pages                    = {277-322}
}

@Article{LS84,
  Title                    = {On the nature of proper government},
  Author                   = {Lasnik, Howard and Saito, Mamoru},
  Journal                  = {Linguistic Inquiry},
  Year                     = {1984},
  Pages                    = {235-89},
  Volume                   = {15}
}

@InCollection{Partee84,
  Title                    = {Compositionality},
  Author                   = {Partee, Barbara},
  Booktitle                = {Varieties of {F}ormal {S}emantics},
  Publisher                = {Foris},
  Year                     = {1984},

  Address                  = {Dordrecht},
  Editor                   = {Landman, F. and Veltman, F.},
  Pages                    = {281-311}
}

@InCollection{Scherer1984,
  Title                    = {Emotion as a Multicomponent Process. A Model and some Cross-Cultural Data},
  Author                   = {Scherer, K.R.},
  Booktitle                = {Review of Personality and Social Psychology},
  Publisher                = {Sage},
  Year                     = {1984},

  Address                  = {Beverly Hills},
  Editor                   = {P. Shaver},
  Pages                    = {37--63},
  Volume                   = {5},

  Owner                    = {user},
  Timestamp                = {2012.08.26}
}

@Book{Selkirk84,
  Title                    = {Phonology and Syntax: The Relation Between Sound and Structure},
  Author                   = {Selkirk, L.},
  Publisher                = {MIT Press},
  Year                     = {1984},

  Address                  = {Cambridge, MA},

  Owner                    = {user},
  Timestamp                = {2009.03.02}
}

@Book{BP83,
  Title                    = {Situations and {A}ttitudes},
  Author                   = {Barwise, J. and Perry, J.},
  Publisher                = {MIT Press},
  Year                     = {1983},

  Address                  = {Cambridge, MA}
}

@Book{Cooper83,
  Title                    = {Quantification and {S}yntactic {T}heory},
  Author                   = {Cooper, Robin},
  Publisher                = {Reidel},
  Year                     = {1983},

  Address                  = {Dordrecht}
}

@InCollection{Link83,
  Title                    = {The logical analysis of plurals and mass terms: a lattice-theoretical approach},
  Author                   = {Link, Godehard},
  Booktitle                = {Meaning, {U}se, and the {I}nterpretation of {L}anguage},
  Publisher                = {de Gruyter},
  Year                     = {1983},

  Address                  = {Berlin},
  Editor                   = {B\"auerle, R. and Schwarze, Chr. and von Stechow, A.},
  Pages                    = {303-23}
}

@InCollection{PR83,
  Title                    = {Generalized conjunction and type ambiguity},
  Author                   = {Partee, Barbara and Rooth, Mats},
  Booktitle                = {Meaning, {U}se and the {I}nterpretation of {L}anguage},
  Publisher                = {de Gruyter},
  Year                     = {1983},

  Address                  = {Berlin},
  Editor                   = {B\"auerle, R. and Schwarze, Chr. and von Stechow, Arnim},
  Pages                    = {361-93}
}

@Article{Dowty82,
  Title                    = {Tenses, time adverbs, and compositional semantic theory},
  Author                   = {Dowty, David R.},
  Journal                  = {Linguistics and Philosophy},
  Year                     = {1982},
  Pages                    = {n-m},
  Volume                   = {n}
}

@InCollection{Heim82,
  Title                    = {File change semantics and the familiarity theory of definiteness},
  Author                   = {Heim, Irene},
  Booktitle                = {Meaning, {U}se and the {I}nterpretation of {L}anguage},
  Publisher                = {de Gruyter},
  Year                     = {1982},

  Address                  = {Berlin},
  Editor                   = {B\"auerle, R. and Schwarze, C. and von Stechow, A.},
  Pages                    = {164-89}
}

@Article{HTh82,
  Title                    = {Transitivity in grammar and discourse},
  Author                   = {Paul J. Hopper and Sandra Thompson},
  Journal                  = {Language},
  Year                     = {1982},
  Pages                    = {251-99},
  Volume                   = {56}
}

@InCollection{Kiparsky82,
  Title                    = {From cyclic phonology to {L}exical {P}honology},
  Author                   = {Kiparsky, Paul},
  Booktitle                = {The {S}tructure of {P}honological {R}epresentations},
  Publisher                = {de Gruyter},
  Year                     = {1982},

  Address                  = {Dordrecht},
  Editor                   = {H. van der Hulst and N. Smith}
}

@Article{McConnellGinet82,
  Title                    = {Adverbs and logical form},
  Author                   = {McConnell-Ginet, Sally},
  Journal                  = {Langugage},
  Year                     = {1982},
  Pages                    = {144-84},
  Volume                   = {58}
}

@Article{Baker81,
  Title                    = {Auxiliary-adverb order},
  Author                   = {Baker, C. L.},
  Journal                  = {Linguistic Inquiry},
  Year                     = {1981},
  Number                   = {12},
  Pages                    = {309-315}
}

@Article{BC81,
  Title                    = {Generalized quantifiers and natural language},
  Author                   = {Barwise, Jon and Cooper, Robin},
  Journal                  = {Linguistics and Philosophy},
  Year                     = {1981},
  Pages                    = {159-219},
  Volume                   = {4}
}

@Book{Chomsky81,
  Title                    = {Lectures in the {T}heory of {G}overnment and {B}inding},
  Author                   = {Chomsky, Noam},
  Publisher                = {Foris},
  Year                     = {1981},

  Address                  = {Dordrecht}
}

@Book{Cole81,
  Title                    = {Radical {P}ragmatics},
  Editor                   = {Cole, P.},
  Publisher                = {Academic Press},
  Year                     = {1981},

  Address                  = {New York}
}

@Book{DWP81,
  Title                    = {Introduction to {M}ontague {S}emantics},
  Author                   = {Dowty, David R. and Wall, Robert E. and Peters, Stanley},
  Publisher                = {Kluwer},
  Year                     = {1981},

  Address                  = {Dordrecht}
}

@Book{Lodge1981,
  Title                    = {Magnitude Scaling -- Qualitative Measurement of Opinions},
  Author                   = {Milton Lodge},
  Publisher                = {Sage},
  Year                     = {1981},

  Address                  = {Thousand Oakes},

  Owner                    = {user},
  Timestamp                = {2013.12.11}
}

@Book{Lyons81,
  Title                    = {Language and {L}inguistics},
  Author                   = {John Lyons},
  Publisher                = {CUP},
  Year                     = {1981},

  Address                  = {Cambridge}
}

@Article{Reinhardt81,
  Title                    = {Pragmatics and linguistics: an analysis of sentence topics},
  Author                   = {Reinhardt, Tanya},
  Journal                  = {Philosophica},
  Year                     = {1981},
  Pages                    = {53-94},
  Volume                   = {7}
}

@InCollection{Scha81,
  Title                    = {Distributive, collective and cumulative quantification},
  Author                   = {Scha, Remko},
  Booktitle                = {Formal {M}ethods in the {S}tudy of {L}anguage},
  Publisher                = {Mathematical Center Tracts},
  Year                     = {1981},

  Address                  = {Amsterdam},
  Editor                   = {Groenendijk, J. and Jannsen, T. and Stokhof, M.},
  Pages                    = {131-58}
}

@Article{Stump81,
  Title                    = {The interpretation of frequency adjectives},
  Author                   = {Stump, Gregory},
  Journal                  = {Linguistics and Philosophy},
  Year                     = {1981},
  Pages                    = {221-57},
  Volume                   = {4}
}

@Article{Schank80,
  Title                    = {Language and memory},
  Author                   = {Schank, Roger C.},
  Journal                  = {Cognitive Science},
  Year                     = {1980},
  Pages                    = {243-84},
  Volume                   = {4}
}

@Book{Williams80,
  Title                    = {A {W}elsh {G}rammar},
  Author                   = {Williams, Stephen J.},
  Publisher                = {University of Wales Press},
  Year                     = {1980},

  Address                  = {Cardiff}
}

@Article{Augst1979,
  Title                    = {Neuere Forschungen zur Substantivflexion},
  Author                   = {Augst, Gerhard},
  Journal                  = {Zeitschrift für germanistische Linguistik},
  Year                     = {1979},
  Number                   = {3},
  Pages                    = {220--232},
  Volume                   = {7},

  Owner                    = {user},
  Timestamp                = {2013.03.09}
}

@Book{Hofstadter79,
  Title                    = {G \"odel, Escher, Bach: An Eternal Golden Braid.},
  Author                   = {Hofstadter, Douglas R.},
  Publisher                = {Basic Books},
  Year                     = {1979},

  Address                  = {New York},

  Owner                    = {user},
  Timestamp                = {2010.01.15}
}

@Book{HU79,
  Title                    = {Introduction to {A}utomata {T}heory, {L}anguages, and {C}omputation},
  Author                   = {Hopcroft, J. and Ullman, J.},
  Publisher                = {Addison-Wesley},
  Year                     = {1979},

  Address                  = {Reading}
}

@Article{Kaplan79,
  Title                    = {On the logic of demonstratives},
  Author                   = {Kaplan, D.},
  Journal                  = {Journal of Philosophical Logic},
  Year                     = {1979},
  Pages                    = {81-9},
  Volume                   = {8}
}

@Book{BP78,
  Title                    = {Toward the {L}ogic of {T}ense and {A}spect in {E}nglish},
  Author                   = {Bennett, Michael and Partee, Barbara H.},
  Publisher                = {Indiana University Linguistics Club},
  Year                     = {1978},

  Address                  = {Bloomington}
}

@Book{Dowty78,
  Title                    = {Word {M}eaning and {M}ontague {G}rammar},
  Author                   = {Dowty, David R.},
  Publisher                = {Reidel},
  Year                     = {1978},

  Address                  = {Dordrecht}
}

@InCollection{Perlmuter78,
  Title                    = {Impersonal passives and the unaccusative hypothesis},
  Author                   = {Perlmutter, David M.},
  Booktitle                = {Proceedings of the Fourth Annual Meeting of theBerkeley Linguistics Society},
  Year                     = {1978},
  Pages                    = {157--89},

  Owner                    = {user},
  Timestamp                = {2009.03.12}
}

@Article{Bellert77,
  Title                    = {On semantics and distributional properties of sentential adverbs},
  Author                   = {Bellert, Irene},
  Journal                  = {Linguistic Inquiry},
  Year                     = {1977},
  Pages                    = {337-50},
  Volume                   = {8}
}

@PhdThesis{Carlson77,
  Title                    = {Reference to {K}inds in {E}nglish},
  Author                   = {Carlson, Greg N.},
  School                   = {University of Massachusetts},
  Year                     = {1977}
}

@Article{Dowty77,
  Title                    = {Towards a semantic analysis of verb aspect and the {E}nglish imperfective progressive},
  Author                   = {Dowty, David},
  Journal                  = {Linguistics and Philosophy},
  Year                     = {1977},
  Pages                    = {45-77},
  Volume                   = {1}
}

@Book{Kohonen77,
  Title                    = {Associative {M}emory: {A} {S}ystem-{T}heoretical {A}pproach},
  Author                   = {Kohonen, T.},
  Publisher                = {Springer},
  Year                     = {1977},

  Address                  = {New York}
}

@Article{Milsark77,
  Title                    = {Toward an explanation of certain peculiarities of the existential construction in {E}nglish},
  Author                   = {Milsark, Gary},
  Journal                  = {Linguistic Analysis},
  Year                     = {1977},
  Pages                    = {1-29},
  Volume                   = {3}
}

@Book{SchA77,
  Title                    = {Scripts, {P}lans, {G}oals and {U}nderstanding},
  Author                   = {Schank, Roger C. and Abelson, Robert P.},
  Publisher                = {Erlbaum},
  Year                     = {1977},

  Address                  = {Hilsdale}
}

@Book{Bartsch76,
  Title                    = {The {G}rammar of {A}dverbials},
  Author                   = {Bartsch, Renate},
  Publisher                = {North Holland},
  Year                     = {1976},

  Address                  = {Amsterdam}
}

@Article{Goldsmith76,
  Title                    = {An overview of {A}utosegmental {P}honology},
  Author                   = {John Goldsmith},
  Journal                  = {Linguistic Analysis},
  Year                     = {1976},
  Number                   = {1},
  Volume                   = {2}
}

@InCollection{Kim76,
  Title                    = {Events as property exemplifications},
  Author                   = {Kim, J.},
  Booktitle                = {Action {T}heory},
  Publisher                = {Reidel},
  Year                     = {1976},

  Address                  = {Dordrecht},
  Editor                   = {Brand, M. and Walton, D.},
  Pages                    = {159-77}
}

@InCollection{Sgall76,
  Title                    = {Zum {S}tand der {T}hema-{R}hema-{G}liederung in der {S}prachbeschreibung},
  Author                   = {Sgall, P.},
  Booktitle                = {Papers on {F}unctional {S}entence {P}erspective},
  Year                     = {1976},

  Address                  = {Prague},
  Editor                   = {Dane\v{s}, F.},
  Pages                    = {55-74}
}

@Book{Siegel76,
  Title                    = {Capturing the Adjective},
  Author                   = {Siegel, Muffy},
  Publisher                = {Garland},
  Year                     = {1976},

  Address                  = {London},
  Note                     = {FU/GWB Cdb 36991},
  Series                   = {Outstanding Dissertations in Linguistics},

  Owner                    = {user},
  Timestamp                = {2009.01.27}
}

@Book{Gallin75,
  Title                    = {Intensional and {H}igher-{O}rder {M}odal {L}ogic: {W}ith {A}pplications to {M}ontague {S}emantics},
  Author                   = {Gallin, D.},
  Publisher                = {North-Holland Publishing},
  Year                     = {1975},

  Address                  = {Amsterdam}
}

@InCollection{Grice75,
  Title                    = {Logic and conversation},
  Author                   = {Grice, P.},
  Booktitle                = {Speech {A}cts},
  Publisher                = {Academic Press},
  Year                     = {1975},

  Address                  = {New York},
  Editor                   = {Cole, P. and Morgan, J. L.},
  Pages                    = {41-58},
  Series                   = {Syntax \& Semantics},
  Volume                   = {3}
}

@InCollection{Kamp75,
  Title                    = {Two theories about adjectives},
  Author                   = {Kamp, Hans},
  Booktitle                = {Formal {S}emantics of {N}atural {L}anguage},
  Publisher                = {CUP},
  Year                     = {1975},

  Address                  = {Cambridge},
  Editor                   = {Keenan, E.},
  Pages                    = {123-55}
}

@InCollection{Lewis75,
  Title                    = {Adverbs of quantification},
  Author                   = {Lewis, David},
  Booktitle                = {Formal {S}emantics of {N}atural {L}anguage},
  Publisher                = {CUP},
  Year                     = {1975},

  Address                  = {Cambridge},
  Editor                   = {Keenan, E. L.},
  Pages                    = {3-15}
}

@Book{FP,
  Title                    = {Formal philosophy - Selected Papers by Richard Montague},
  Author                   = {Montague, Richard},
  Publisher                = {Yale University Press},
  Year                     = {1974},

  Address                  = {New Haven},
  Note                     = {FU/UB 18/75/1688(8)},

  Owner                    = {user},
  Timestamp                = {2009.01.27}
}

@Book{Cresswell73,
  Title                    = {Logics and {L}anguages},
  Author                   = {Cresswell, Max J.},
  Publisher                = {MEthuen and Company},
  Year                     = {1973},

  Address                  = {London}
}

@InCollection{Montague73,
  Title                    = {The proper treatment of quantification in ordinary {E}nglish},
  Author                   = {Montague, Richard},
  Booktitle                = {Approaches to {N}atural {L}anguage},
  Publisher                = {Kluwer},
  Year                     = {1973},

  Address                  = {Dordrecht},
  Editor                   = {Hintikka, K. J. J. and Moravcsik, J. M. E. and Suppes, P.},
  Pages                    = {221-42}
}

@InCollection{PTQ,
  Title                    = {The proper treatment of quantification in ordinary {E}nglish},
  Author                   = {Richard Montague},
  Booktitle                = {Approaches to {N}atural {L}anguage},
  Publisher                = {Kluwer},
  Year                     = {1973},

  Address                  = {Dordrecht},
  Editor                   = {K. J. J. Hintikka and J. M. E. Moravcsik and P. Suppes},
  Pages                    = {221-42}
}

@Article{ThS73,
  Title                    = {A Semantic Theory of Adverbs},
  Author                   = {Thomason, Richard H. and Stalnaker, Robert C.},
  Journal                  = {Linguistic Inquiry},
  Year                     = {1973},
  Number                   = {2},
  Pages                    = {195-220}
}

@Book{Bartsch72,
  Title                    = {Adverbialsemantik},
  Author                   = {Bartsch, Renate},
  Publisher                = {Athen\"aum},
  Year                     = {1972},

  Address                  = {Frankfurt, Main}
}

@Article{Dretske72,
  Title                    = {Constrastive statements},
  Author                   = {Dretske, Fred},
  Journal                  = {Philosophical Review},
  Year                     = {1972},
  Pages                    = {411-37}
}

@Book{Jackendoff1972,
  Title                    = {Semantic {I}nterpretation in {G}enerative {G}rammar},
  Author                   = {Jackendoff, Ray S.},
  Publisher                = {MIT Press},
  Year                     = {1972},

  Address                  = {Cambridge, MA}
}

@InBook{Jackendoff72,
  Title                    = {Semantic Interpretation in Generative Grammar},
  Author                   = {Jackendoff, Ray S.},
  Chapter                  = {Adverbials},
  Publisher                = {MIT Press},
  Year                     = {1972},

  Address                  = {Cambridge},
  Note                     = {SP AK 604},

  Owner                    = {user},
  Timestamp                = {2011.10.07}
}

@InCollection{Chomsky70,
  Title                    = {Remarks on nominalization},
  Author                   = {Noam Chomsky},
  Booktitle                = {English {T}ransformational {G}rammar},
  Publisher                = {Ginn},
  Year                     = {1970},

  Address                  = {Waltham},
  Editor                   = {R. A. Jacobs and P. S. Rosenbaum}
}

@InCollection{EFL,
  Title                    = {English as a formal language},
  Author                   = {Montague, Richard},
  Booktitle                = {Linguaggi nella società e nella tecnica},
  Publisher                = {Edizioni di Comunita},
  Year                     = {1970},

  Address                  = {Milano},
  Editor                   = {Visentini, Bruno},
  Note                     = {Reprinted in \cite{FP}},
  Pages                    = {188-221},

  Owner                    = {user},
  Timestamp                = {2009.01.27}
}

@Unpublished{Lakoff70,
  Title                    = {Adverbs and {M}odal {O}perators},
  Author                   = {Lakoff, G.},
  Year                     = {1970}
}

@Article{Montague70,
  Title                    = {Universal {G}rammar},
  Author                   = {Montague, Richard},
  Journal                  = {Theoria},
  Year                     = {1970},
  Pages                    = {373-98},
  Volume                   = {36}
}

@InCollection{Firth1969,
  Title                    = {A synopsis of Linguistic Theory},
  Author                   = {Firth, John Rupert},
  Booktitle                = {Selected papers of J.R. Firth 1952-1959},
  Publisher                = {Indiana University Press},
  Year                     = {1969},

  Address                  = {London},
  Editor                   = {Frank Robert Palmer},
  Pages                    = {168--205},

  Owner                    = {user},
  Timestamp                = {2014.01.15}
}

@Book{MP69,
  Title                    = {Perceptrons},
  Author                   = {Minsky, M. and Papert, S.},
  Publisher                = {MIT Press},
  Year                     = {1969},

  Address                  = {Cambridge, MA}
}

@InCollection{Fillmore68,
  Title                    = {The case for case},
  Author                   = {Fillmore, Charles},
  Booktitle                = {Universals of Linguistic Theory},
  Publisher                = {Holt, Rinehart and Winston},
  Year                     = {1968},
  Editor                   = {Emmon Bach and Robert T. Harms},
  Pages                    = {1-88},

  Owner                    = {user},
  Timestamp                = {2009.03.12}
}

@InCollection{Davidson67,
  Title                    = {The logical form of action sentences},
  Author                   = {Davidson, Donald},
  Booktitle                = {The {L}ogic of {D}ecision and {A}ction},
  Publisher                = {University of Pittsburgh Press},
  Year                     = {1967},

  Address                  = {Pittsburgh},
  Editor                   = {Rescher, N.},
  Pages                    = {81-95}
}

@Book{Kleene67,
  Title                    = {Mathematical {L}ogic},
  Author                   = {Kleene, S. C.},
  Publisher                = {Wiley},
  Year                     = {1967},

  Address                  = {New York}
}

@Book{Vendler67,
  Title                    = {Linguistics in {P}hilosophy},
  Author                   = {Zeno Vendler},
  Publisher                = {Cornell University Press},
  Year                     = {1967},

  Address                  = {Ithaca}
}

@Book{Chomsky65,
  Title                    = {Aspects of the {T}heory of {S}yntax},
  Author                   = {Chomsky, Noam},
  Publisher                = {MIT Press},
  Year                     = {1965},

  Address                  = {Cambridge, MA}
}

@PhdThesis{Klima65,
  Title                    = {Studies in {D}iachronic {S}yntax},
  Author                   = {Klima, Edward S.},
  School                   = {Harvard University},
  Year                     = {1965}
}

@Book{Evans64,
  Title                    = {Grammar of {M}iddle {W}elsh},
  Author                   = {D. Simon Evans},
  Publisher                = {Institute for Advanced Studies},
  Year                     = {1964},

  Address                  = {Dublin}
}

@Article{Firbas64,
  Title                    = {On {D}efining the {T}heme in {F}unctional {S}entence {A}nalysis},
  Author                   = {Firbas, J.},
  Journal                  = {Travaux Linguistiques de Prague},
  Year                     = {1964},
  Pages                    = {267-80},
  Volume                   = {1}
}

@InCollection{Klima64,
  Title                    = {Negation in {E}nglish},
  Author                   = {Klima, E.},
  Booktitle                = {The {S}tructure of {L}anguage},
  Publisher                = {Prentice-Hall},
  Year                     = {1964},

  Address                  = {Englewood Cliffs},
  Editor                   = {Fodor, J. D. and Katz, J.},
  Pages                    = {246-323}
}

@Article{Vendler62,
  Title                    = {Each and every, any and all},
  Author                   = {Vendler, Zeno},
  Journal                  = {Mind},
  Year                     = {1962},
  Number                   = {282},
  Pages                    = {145-60},
  Volume                   = {71}
}

@Book{Stoll61,
  Title                    = {Set {T}heory and {L}ogic},
  Author                   = {Stoll, Robert R.},
  Publisher                = {Dover},
  Year                     = {1961},

  Address                  = {New York}
}

@Article{Lambek58,
  Title                    = {The {M}athematics of {S}entence {S}tructure},
  Author                   = {Lambek, Joachim},
  Journal                  = {American Methematical Monthly},
  Year                     = {1958},
  Pages                    = {154-70},
  Volume                   = {65}
}

@Book{Tarski57,
  Title                    = {Logic, {S}emantics, {M}athematics},
  Author                   = {Tarski, A. M.},
  Publisher                = {OUP},
  Year                     = {1957},

  Address                  = {Oxford}
}

@Article{Quine56,
  Title                    = {Quantifiers and propositional attitudes},
  Author                   = {Quine, Willard Van Orman},
  Journal                  = {Journal of Philosophy},
  Year                     = {1956},
  Pages                    = {177-87},
  Volume                   = {53}
}

@Book{Bech55,
  Title                    = {Studien \"uber das deutsche verbum infinitum},
  Author                   = {Bech, G.},
  Year                     = {1955},

  Address                  = {Copenhagen}
}

@Book{Kolmogorov55,
  Title                    = {Foundations of the {T}heory of {P}robability},
  Author                   = {Kolmogorov, A. N.},
  Publisher                = {Chelsea},
  Year                     = {1955},

  Address                  = {New York}
}

@Book{GPC,
  Title                    = {Geiriadur {P}rifysgol {C}ymru},
  Author                   = {R. J. Thomas},
  Publisher                = {OUP},
  Year                     = {1950},

  Address                  = {Oxford}
}

@Book{Hebb49,
  Title                    = {The {O}rganization of {B}ehavior},
  Author                   = {Hebb, David O.},
  Publisher                = {Wiley},
  Year                     = {1949},

  Address                  = {New York}
}

@Book{Reichenbach47,
  Title                    = {Elements of {S}ymbolic {L}ogic},
  Author                   = {Reichenbach, Hans},
  Publisher                = {Macmillan},
  Year                     = {1947},

  Address                  = {New York}
}

@Book{Christophersen39,
  Title                    = {The {A}rticles: {A} {S}tudy of their {T}heory and {U}se in {E}nglish},
  Author                   = {Christophersen, Paul},
  Publisher                = {Munksgaard},
  Year                     = {1939},

  Address                  = {Copenhagen}
}

@Book{Drach37,
  Title                    = {Grundgedanken der deutschen {S}atzlehre},
  Author                   = {Drach, E.},
  Publisher                = {Diesterweg},
  Year                     = {1937},

  Address                  = {Frankfurt}
}

@Article{Ajdukiewicz35,
  Title                    = {Die syntaktische {K}onnexit\"at},
  Author                   = {Ajdukiewicz, Kazimierz},
  Journal                  = {Studia Philosophica},
  Year                     = {1935},
  Number                   = {1-27},
  Volume                   = {1}
}

@Book{Jones31,
  Title                    = {A {W}elsh {G}rammar: {H}istorical and {C}omparative},
  Author                   = {J. Morris Jones},
  Publisher                = {Clarendon},
  Year                     = {1931},

  Address                  = {Oxford}
}

@Article{Ryle29,
  Title                    = {Negation},
  Author                   = {Ryle, G.},
  Journal                  = {Aristotelian Society},
  Year                     = {1929},
  Pages                    = {80-6},
  Volume                   = {9 (supplementary)}
}

@Book{Anwyl25,
  Title                    = {Geiriadur {C}amraeg a {S}aesneg - {S}purrell's {W}elsh-{E}nglish {D}ictionary},
  Author                   = {Anwyl, J, Bodvan},
  Publisher                = {Spurrell},
  Year                     = {1925},

  Address                  = {Carmarthen}
}

@Book{Bodvan25,
  Title                    = {Geiriadur {C}ymraeg a {S}aesneg},
  Editor                   = {Bodvan, Anwyl, J.},
  Publisher                = {Spurrell},
  Year                     = {1925},

  Address                  = {Carmarthen}
}

@Book{Saussure1916,
  Title                    = {Cours de linguistique générale},
  Author                   = {Ferdinand de Saussure},
  Publisher                = {Payot},
  Year                     = {1916},

  Address                  = {Paris},

  Owner                    = {user},
  Timestamp                = {2012.11.04}
}

@Book{WhR10,
  Title                    = {Principia {M}athematica},
  Author                   = {Whitehead, A. N. and Russell, B.},
  Publisher                = {CUP},
  Year                     = {1910},

  Address                  = {Cambridge}
}

@Book{Strachan09,
  Title                    = {An {I}ntroduction to {E}arly {W}elsh},
  Author                   = {John Strachan},
  Publisher                = {Manchester University Press},
  Year                     = {1909},

  Address                  = {Manchester}
}

@Article{Bradley07,
  Title                    = {On {T}ruth and {C}opying},
  Author                   = {Bradley, F.H.},
  Journal                  = {Mind},
  Year                     = {1907},
  Volume                   = {16}
}

@InBook{James07,
  Title                    = {Pragmatism: {A} {N}ew {N}ame for {S}ome {O}ld {W}ays of {T}hinking},
  Author                   = {James, William},
  Chapter                  = {Pragmatism's Conception of Truth},
  Pages                    = {197-236},
  Publisher                = {Longman},
  Year                     = {1907},

  Address                  = {New York}
}

@Article{Russell05,
  Title                    = {On denoting},
  Author                   = {Russell, Bertrand},
  Journal                  = {Mind},
  Year                     = {1905},
  Pages                    = {479-93},
  Volume                   = {14}
}

@Book{Siebs1898,
  Title                    = {Deutsche B{\"u}hnenaussprache},
  Author                   = {Siebs, Theodor},
  Publisher                = {de Gruyter},
  Year                     = {1898},

  Address                  = {Berlin, Köln, Leipzig},

  Owner                    = {user},
  Timestamp                = {2008.11.24}
}

